2792 4600
504 357 591 405 nrnnn
612 351 774 407 snuunnns,
797 348 932 395 menrr.
1223 322 1265 386 79

213 474 314 557 Resp.
331 474 427 556 Νερο.
443 473 545 537 Sonus
570 470 651 533 ideae
664 466 814 530 omnium
832 459 1111 527 communissimae
1127 454 1263 519 inutiles

60 653 63 659 ¹
166 582 291 651 essent,
308 584 340 639 et
357 572 429 635 idea
458 572 555 648 entis,
572 586 645 650 quae
674 581 790 629 omnes
817 559 1029 632 transcendit,
1046 554 1260 624 inutilisma

165 671 271 738 lime.

613 824 832 875 unricutnsrv.
869 808 885 839 ⁹

442 939 633 1026 solemnem
646 958 812 1022 divisiones
833 955 982 1036 quodum.

209 1110 284 1176 161.
310 1108 432 1175 Divisit·
448 1106 640 1171 Aristoteles
666 1108 703 1185 (1)
730 1102 918 1167 substantiae
946 1100 1108 1161 rationem
1138 1098 1171 1158 in
1190 1095 1261 1176 pri·

136 1236 139 1243 ⁴
162 1228 252 1271 mom
266 1209 489 1273 etsemodum.
515 1207 637 1282 Prima,
659 1223 733 1286 quae
759 1204 937 1285 proprieet
953 1198 1061 1280 primo
1077 1194 1261 1259 substantia

162 1307 303 1384 dieitur,
320 1315 368 1369 ost
390 1305 572 1368 substantia
601 1302 791 1385 singularis,
810 1300 851 1362 ab
872 1316 978 1379 eoque
993 1294 1150 1358 definitur
1168 1310 1176 1356 :
1193 1309 1261 1372 que

162 1424 263 1486 neque
291 1407 326 1469 de
354 1403 485 1485 subjecto
512 1403 619 1486 aliquo
652 1402 779 1475 dieitur,
815 1417 909 1480 neque
933 1399 968 1458 in
997 1393 1127 1476 subjecto
1155 1392 1260 1472 atiquo
1353 1466 1356 1473 4

161 1510 231 1565 ost:
246 1520 366 1584 nempe
380 1520 448 1566 nnn
478 1501 677 1582 praedioatur
700 1499 740 1562 de
756 1498 825 1562 ullo
839 1498 903 1560 sibi
918 1495 1081 1570 inferiori,
1098 1488 1257 1573 quomad-

164 1599 303 1665 modum
320 1600 516 1675 universale,
534 1617 594 1692 nee
606 1599 745 1661 inbaerot
760 1595 866 1671 alteri,
877 1592 1157 1675 quemadmodum
1173 1588 1258 1651 acui

79 1766 87 1785 .
164 1698 261 1765 dens

204 1797 365 1860 Secundae
391 1796 581 1879 substantiae·
607 1805 683 1857 sunt
710 1794 835 1873 speeies
858 1793 907 1854 vel
923 1807 1055 1870 genera,
1069 1808 1127 1853 sou
1143 1789 1253 1869 potius

124 1942 133 1957 ,
163 1893 310 1958 rationes
325 1894 486 1983 specificas
498 1894 547 1957 vel
564 1893 776 1976 generieaelb.
786 1890 954 1971 olorque
967 1909 1032 1952 nott
1046 1896 1121 1952 sunt
1134 1890 1170 1949 in
1184 1886 1255 1947 sub·

154 1991 251 2074 jecto,
269 2001 301 2056 et
317 2011 375 2074 ρει
388 1994 452 2058 hoe
467 1994 507 2055 ab
523 1993 692 2057 accidente
705 1992 963 2073 distinguuntur,
978 1989 1033 2052 sed
1058 1989 1205 2051 dicuntur
1219 1984 1256 2046 de

160 2091 499 2173 mbjeototunlversale
515 2092 603 2155 enim
620 2092 660 2154 de
677 2091 856 2154 individuis
872 2090 1073 2154 enuntiatur.
1088 2088 1252 2150 Vocantur
1316 2110 1319 2117 ’

162 2189 316 2253 seeundae
333 2190 532 2264 substantio,
550 2191 627 2271 quia
643 2190 840 2253 secundario
856 2190 902 2252 eis
917 2186 1070 2251 convenit
1082 2185 1255 2248 utsubstent

162 2288 393 2352 affectionibus
411 2306 419 2353 :
438 2289 608 2353 nonenim
625 2305 684 2370 ρει·
696 2308 730 2351 se
747 2289 810 2352 boe
825 2287 872 2351 eis
888 2287 1051 2358 convenit,
1061 2285 1116 2348 sed
1132 2301 1191 2365 per
1202 2282 1254 2347 in·

162 2385 309 2462 dividua,
320 2405 399 2476 'quae
414 2396 490 2450 sunt
513 2388 628 2468 primae
642 2387 840 2454 substantias.
858 2386 921 2449 Has
935 2395 1043 2449 autem
1060 2384 1251 2449 denomina-

161 2484 268 2548 tiones
292 2484 422 2547 induxit
445 2482 636 2547 Arisloteles
665 2494 702 2547 ut
727 2485 936 2565 impugnaret
966 2483 1161 2565 platonicos,
1192 2481 1250 2561 qui

161 2580 364 2644 universales
379 2581 576 2644 substantias
599 2601 658 2662 per
669 2602 703 2645 se
720 2584 828 2663 primo
843 2590 931 2644 extra
947 2581 1126 2663 singularia
1141 2581 1250 2642 subsi-

160 2687 248 2742 stere
274 2679 498 2760 opinabantur
520 2680 566 2757 tt.
583 2680 666 2759 550),
693 2691 791 2761 atque
819 2681 944 2745 idcireo
973 2697 1026 2742 aas
1040 2679 1251 2761 appellabant

163 2776 300 2858 primas,
314 2778 496 2859 singulares
513 2795 589 2843 vero
604 2781 776 2844 secundas.

201 2892 218 2923 *
231 2893 302 2959 l602.
321 2895 358 2957 ln
377 2895 438 2958 ban
448 2895 611 2961 divisione
626 2898 688 2959 tria
703 2905 779 2959 sunt
794 2897 1002 2960 advertenda.

205 2992 330 3070 l⁰Ejus
359 2994 507 3057 membra
533 3013 599 3059 non
627 3014 675 3072 re,
704 2997 758 3058 sed
781 2998 908 3061 ratione
924 2996 1094 3077 distingui.
1112 2995 1251 3059 Univer-

159 3089 240 3152 salis
266 3090 355 3156 enim
374 3101 490 3155 natura
519 3111 585 3155 non
614 3093 830 3220 distinguitur
856 3111 891 3156 ro
917 3112 934 3155 a
959 3104 1075 3158 natura
1104 3093 1249 3173 singula·

161 3189 261 3253 rium

202 3288 236 3351 2⁰
251 3288 395 3367 Primam
411 3289 625 3352 substantiam
642 3289 753 3371 primo
765 3309 803 3353 ao
815 3309 873 3371 ρει·
887 3309 921 3352 so
937 3289 1152 3352 substantiam
1165 3305 1247 3364 esse,

155 3385 340 3448 sonundam
355 3394 464 3449 autem
490 3387 598 3450 solum
614 3389 741 3451 ratione
757 3389 882 3470 primae,
897 3399 1056 3468 quatenus
1072 3387 1189 3450 intime
1202 3395 1252 3449 est

157 3484 196 3546 in
210 3484 405 3560 individuis,
420 3493 451 3548 et
464 3503 530 3549 non
548 3494 652 3566 potest
663 3487 842 3562 subsistere
857 3495 1015 3569 separata.

201 3582 234 3642 5⁰
250 3582 458 3646 Relationem
475 3584 559 3647 bano
582 3585 831 3666 ordinisquod
847 3603 965 3665 nempe
978 3585 1155 3648 subsistere
1168 3600 1248 3647 eon·

157 3678 269 3742 veniat
281 3681 390 3762 primo
402 3699 440 3744 uu
456 3699 514 3762 ρει·
530 3701 565 3745 se
579 3686 694 3765 primae
706 3683 906 3762 substantias,
924 3684 1120 3747 secundario
1135 3701 1172 3745 ao
1189 3699 1250 3763 per

158 3778 302 3859 primam
315 3781 641 3856 seeundae,non.esse
653 3782 848 3847 relationem
860 3784 993 3858 realem,
1007 3783 1062 3845 sed
1079 3801 1118 3846 ex
1133 3792 1248 3847 nostro

155 3877 370 3957 concipiendi
387 3880 487 3945 modo
502 3897 710 3962 consurgere.
770 3901 773 3906 ’

186 4021 221 4077 (1)
232 4021 315 4101 daton.
326 4034 347 4070 ε.
356 4024 386 4072 V.
