2792 4600
269 115 283 168 l

225 308 286 371 406
658 324 849 371 cosuonocrn.
869 313 872 317 ’

266 437 374 500 Altera
389 454 463 517 pars
479 435 523 498 ita
538 435 723 500 ostenditur
738 456 776 500 ax
788 456 815 500 s.
828 435 886 500 Tlr.
906 421 1090 517 principiis.
1172 511 1179 520 ‚

165 569 166 574 κ
251 534 409 614 Ιὃρίνίιιιε
420 542 507 595 ccrtc
523 550 662 612 corpora
678 533 751 595 loco
767 551 897 597 movero
914 542 1050 613 possunt
1067 549 1075 595 ε
1093 548 1169 593 narn
1193 531 1254 594 hcc
1274 535 1304 597 in
1369 591 1370 606 ,

227 632 373 695 hominis
389 650 521 714 quoque
544 639 701 713 potestate
717 641 775 708 cst,
794 633 882 714 quod
900 641 1008 695 autern
1035 639 1141 713 potest
1163 628 1305 707 interior,
1369 629 1370 636 '

225 740 331 813 potest
345 733 507 813 superior.
524 730 628 811 igitur
643 731 780 812 spiritus
806 731 885 794 boni
908 739 940 793 et
955 730 1032 792 unali
1052 730 1082 792 1⁰
1098 730 1307 810 possunteffi·

224 849 299 893 cere
314 848 350 893 ea
365 831 477 893 omnia
493 849 566 912 quae
581 830 621 893 ad
639 840 764 895 motum
781 830 918 894 localem
935 829 1150 904 reducuntur,
1163 827 1309 894 vitlelicet

224 946 292 991 uon
319 928 419 992 modo
444 928 621 992 transferre
643 929 742 992 etiam
769 928 941 991 celerrima
966 944 1116 1008 corpora,
1134 943 1308 1006 eorumque

225 1038 332 1108 partes
353 1027 564 1108 conjungere,
581 1027 629 1089 vel
655 1026 845 1102 dissociare,
867 1026 922 1088 sed
946 1027 1044 1089 etiarn
1069 1025 1164 1101 lucis,
1182 1024 1306 1102 caloris,

225 1126 447 1190 electricitatis
459 1145 496 1189 ac
508 1127 711 1207 magnetismi
727 1127 944 1208 phaenomena
955 1127 1054 1202 ciere,
1069 1133 1100 1189 et
1113 1126 1138 1186 si
1154 1135 1309 1204 quaesunt

224 1224 289 1285 alia
314 1243 387 1305 quae
414 1237 504 1289 motu
532 1224 835 1289 contineanturtl⁰
858 1237 992 1305 possunt
1019 1223 1184 1306 applicare
1215 1222 1308 1287 activa
1371 1241 1372 1246 ’

225 1322 363 1403 passivis
379 1322 418 1385 ad
433 1323 540 1386 varios
556 1323 785 1404 producendos
800 1323 933 1386 effectus
947 1339 955 1386 :
968 1322 1002 1384 5⁰
1017 1322 1151 1384 demum
1167 1337 1307 1385 commo·

224 1439 300 1483 vere
312 1439 467 1484 sensuum
480 1436 511 1484 et
523 1422 704 1503 phantasia
715 1440 847 1502 organa,
860 1420 1138 1502 quemadmodum
1151 1420 1183 1482 in
1197 1437 1309 1499 reprae·

225 1520 407 1583 sentations
441 1521 569 1598 sensili,
601 1521 634 1582 in
672 1522 808 1602 eiusque
845 1520 1099 1602 reproductione
1131 1517 1310 1598 contingit;

227 1617 270 1679 ita
285 1627 321 1681 ut
340 1618 412 1682 sine
434 1620 576 1683 externis
598 1619 747 1699 objectis,
763 1636 878 1681 eorum
905 1616 1211 1698 repraesentationes
1229 1617 1309 1678 enci·

123 1736 125 1738 ’
227 1726 348 1782 tantur.

265 1814 338 1878 tta.
364 1816 418 1879 Sic
435 1817 517 1879 rnira
535 1816 676 1898 plurima
692 1816 822 1898 operari
837 1823 985 1897 possunt.
1000 1813 1031 1876 l⁰
1046 1813 1128 1889 Quia
1143 1821 1221 1876 sunt
1235 1814 1309 1877 invi·

225 1913 351 1980 sibiles.
369 1915 462 1979 Unde
478 1916 575 1980 etiarn
593 1926 700 1984 motus
724 1915 872 1980 consueti
895 1914 964 1977 lieri
987 1914 1027 1976 ab
1044 1912 1192 1990 homine,
1209 1912 1257 1974 vel
1272 1912 1308 1976 ab

225 2012 300 2075 aliis
317 2015 522 2079 naturalibus
536 2016 715 2097 agentibus,
732 2014 760 2076 ai
778 2032 835 2095 per
858 2014 948 2095 ipsos
970 2012 1059 2087 fiant,
1075 2012 1151 2074 miri
1167 2020 1260 2090 sunt;
1277 2022 1308 2076 ut
1374 2005 1375 2018 ¹

225 2120 273 2175 est
288 2132 318 2176 v.
333 2131 381 2193 gr.
399 2132 586 2176 mensarum
602 2114 745 2195 agitatio,
762 2121 818 2177 aut
833 2131 1009 2194 corporum
1023 2111 1170 2175 elevatio.
1184 2111 1218 2175 2⁰
1232 2110 1308 2184 Quia

224 2210 343 2273 activas
360 2211 567 2293 passivasque
586 2230 766 2294 corporum
796 2211 930 2274 virtutes
956 2211 1060 2274 multo
1081 2210 1200 2272 melius
1216 2228 1308 2290 quarn

225 2312 377 2373 homines
392 2323 604 2393 cognoscunt,
623 2330 743 2393 easque
760 2310 889 2372 facilins
904 2329 942 2372 ac
954 2310 1092 2372 celerius
1108 2307 1146 2370 ad
1164 2309 1308 2372 effectum

224 2408 390 2489 applicare
407 2419 560 2488 possunt;
578 2420 646 2472 tum
663 2409 762 2472 etiam
779 2407 857 2490 quia
877 2406 971 2488 plura
986 2406 1084 2469 simul
1101 2406 1140 2468 ad
1157 2425 1242 2489 opus
1256 2406 1309 2470 ad-

224 2525 366 2583 movere,
384 2516 416 2569 et
431 2506 611 2571 intensiore
634 2507 771 2588 impetu,
791 2518 821 2569 et
839 2506 978 2586 majores
1000 2505 1121 2587 agitare
1136 2524 1310 2588 corporum
1334 2503 1339 2511 '

224 2606 328 2668 moles
345 2606 424 2686 ipsis
442 2606 549 2681 datur,
566 2625 665 2687 quana
683 2607 839 2669 humanis
854 2604 980 2668 viribus
997 2606 1192 2685 permissum
1209 2605 1263 2668 sit.
1279 2605 1310 2668 5⁰

225 2700 307 2775 Quia
319 2704 623 2783 repraesentationes
640 2704 873 2784 phantasticas,
890 2703 1058 2766 autetiam
1073 2702 1211 2765 sensiles
1227 2703 1310 2767 cxci·

223 2815 291 2866 tare
315 2814 461 2885 possunt,
479 2804 528 2868 vel
544 2822 666 2886 organa
682 2804 903 2881 immutando,
919 2805 969 2869 vel
986 2804 1145 2868 medium.

265 2902 368 2981 igitur
382 2903 518 2983 spiritus
534 2913 598 2966 tarn
615 2903 694 2966 boni
712 2922 810 2986 quarn
839 2905 917 2966 mali
943 2904 1081 2967 naturali
1102 2904 1310 2986 virtuteque

223 3020 361 3083 corpora
373 3013 516 3079 movent,
533 3003 614 3065 mira
630 3003 773 3084 plurima
785 3004 914 3084 operari
929 3011 1076 3085 possunt,
1092 3021 1158 3066 non
1171 3022 1230 3085 per
1241 3021 1309 3067 mo·

223 3101 303 3163 dum
320 3101 482 3175 miraculi,
500 3100 558 3164 sed
588 3119 645 3182 per
672 3101 806 3164 modurn
820 3103 915 3178 artis;
933 3119 1046 3182 nempe
1062 3119 1099 3164 ea
1114 3101 1222 3165 sclurn
1239 3120 1308 3182 quae

222 3209 312 3261 motu
331 3199 520 3281 viribusque
536 3198 713 3280 corporum
730 3199 769 3261 ad
786 3199 885 3263 tinem
897 3199 1041 3280 aliquem
1054 3200 1225 3278 adhibitis,
1240 3200 1307 3264 lieri

191 3338 195 3347 ·
222 3308 347 3376 queunt
362 3300 411 3375 (t).

262 3392 336 3457 tta.
361 3394 482 3458 Sedulo
495 3403 604 3457 tamen
622 3395 766 3458 notanda
782 3395 851 3458 haec
867 3395 945 3458 dun.

264 3495 296 3556 l⁰
311 3494 388 3556 Tam
405 3491 508 3555 bonos
525 3511 624 3573 quam
640 3495 744 3557 malos
756 3495 888 3576 angelos
903 3494 1116 3576 providentiae
1128 3495 1248 3558 divinae
1260 3513 1310 3559 cr·

222 3589 385 3653 dinationi
401 3590 551 3653 subditos
563 3610 644 3667 esse,
656 3602 829 3673 propterca
840 3591 934 3653 malis
947 3592 1070 3671 angelis
1086 3593 1230 3655 liberum
1245 3611 1308 3657 non

221 3708 304 3764 essa,
321 3700 357 3750 nt
372 3707 577 3770 quaecunque
591 3691 703 3752 volunt
719 3688 849 3763 iaciant,
869 3690 935 3752 imo
957 3690 1099 3769 plurima
1125 3710 1197 3772 quae
1216 3702 1308 3754 natu·
1357 3693 1361 3704 '

221 3787 337 3850 ralitur
360 3786 465 3849 iacere
481 3795 628 3868 possunt,
647 3787 795 3850 iacienda
818 3787 898 3869 ipsis
926 3790 1185 3870 n0n=permitti;
1208 3809 1309 3872 quare

222 3903 259 3948 ea
274 3887 382 3949 soltlm
397 3886 529 3967 exsequi
547 3888 628 3968 ipsis
644 3887 731 3963 licet,
749 3905 821 3967 quae
839 3889 922 3950 licus
939 3887 1109 3967 permittit.

251 4014 330 4070 (trel.
341 4016 365 4063 s.
376 4015 421 4062 ru.
431 4029 455 4075 q.
466 4015 506 4064 cu
518 4023 564 4064 art.
575 4016 621 4065 111.
