2792 4600
474 325 561 369 arnan
583 324 704 382 rurum,
727 324 819 370 meur
841 325 865 373 1.
1170 312 1218 405 13Β

121 472 202 530 vam,
218 471 289 535 quae
316 465 364 518 est
384 455 514 536 negatio
537 467 632 517 certae
661 454 847 534 cuiuspiam
872 455 1042 531 realitatis,
1059 465 1094 519 ut
1112 474 1218 537 quum

121 554 400 633 apprehendimus
414 554 560 635 lapidem
574 571 640 617 non
657 571 728 616 esse
743 554 948 616 sensitivum.
966 555 1070 619 Porro
1085 556 1221 636 negatio

121 662 169 714 est
194 654 328 732 proprie
355 655 586 723 mentisactus
617 670 716 715 unam
744 653 852 714 ideam
878 653 921 714 ab
949 654 1012 715 alia
1034 656 1221 735 separantis

120 750 166 827 (L.
183 748 264 828 llll.
278 751 341 814 Sed
356 750 607 812 fundamentum
620 752 689 828 ejus
703 750 900 831 objectivutn
915 762 963 812 est
975 750 1009 812 in
1019 754 1221 832 ipsanistin-·

121 851 229 912 ctione
252 849 351 910 unius
367 851 414 910 rei
431 849 600 923 auellere,
617 867 691 928 quae
707 850 800 927 quasi
825 849 965 912 remotio
988 850 1137 930 quaedam
1154 862 1215 928 est,

120 964 217 1026 quarn
234 945 266 1006 in
284 965 318 1007 se
335 945 474 1008 invicem
491 964 542 1008 res
558 958 708 1008 exerunt.
726 945 765 1007 Et
790 963 913 1021 revera,
931 949 1016 1010 utin
1042 950 1146 1038 logica
1164 952 1217 1011 di·

119 1056 207 1107 ctum
224 1053 272 1107 est
288 1045 334 1122 (t.
354 1033 437 1123 tlt),
456 1045 598 1125 negandi
622 1055 714 1107 actus
743 1046 916 1125 aequivalet
938 1047 1144 1113 affirmationi
1162 1053 1215 1114 di·

20 1187 23 1192 -
120 1145 308 1206 stinctionis
325 1145 409 1205 inter
426 1143 503 1206 duo.
519 1142 564 1205 Ex
577 1144 641 1206 hoc
658 1143 868 1205 manifestum
881 1155 942 1221 cst,
958 1164 1094 1211 eon-ecs
1107 1169 1216 1231 neque

118 1244 259 1323 percipi,
277 1260 384 1323 neque
401 1242 586 1305 ullomodo
609 1241 751 1321 intelligi
770 1260 828 1322 per
849 1262 896 1318 se,
913 1247 970 1305 scd
987 1247 1140 1310 duntaxat
1155 1268 1216 1329 per

119 1350 303 1420 respectum
315 1340 355 1400 ad
368 1357 437 1414 ens,
452 1340 602 1403 videlicet
615 1350 648 1402 ut
661 1331 880 1402 remotionem
893 1341 985 1404 illius
998 1343 1071 1423 llll.
1086 1347 1132 1409 Ex
1144 1365 1212 1428 quo

120 1438 281 1518 sequitur,
297 1457 430 1500 recu-cca
452 1439 590 1519 intelligi
608 1439 700 1501 abeo
714 1438 919 1503 nullomodo
935 1460 1041 1521 posse,
1056 1448 1112 1524 qui
1128 1448 1215 1510 entis

121 1538 192 1599 idea
208 1548 347 1600 careret.
781 1548 789 1563 '
1054 1582 1058 1591 «

158 1633 210 1698 20.
236 1635 447 1714 Negationem
462 1652 578 1714 puram
590 1634 675 1695 entis
689 1636 821 1714 (purum
835 1654 901 1698 non
916 1640 1144 1718 esseluilcilum
1157 1663 1213 1707 vo·

118 1750 242 1795 carnus.
258 1734 297 1798 Et
314 1732 594 1813 quemadmodum
617 1749 674 1794 ens
690 1733 778 1793 sumi
794 1724 901 1814 pdtest
920 1746 952 1796 et
967 1754 1027 1817 pro
1043 1739 1212 1818 existente,

16 1872 26 1889 ,
120 1845 150 1894 ct
166 1850 225 1913 pro
241 1833 334 1895 omui
350 1849 389 1894 co
418 1831 506 1911 quod
530 1832 712 1893 realitatem
736 1833 833 1894 habet
850 1834 925 1911 llll,
943 1835 987 1896 ita
1013 1846 1044 1898 el
1065 1840 1212 1904 nihilum

121 1931 282 2011 accipitur
297 1941 366 1994 tum
381 1949 441 2012 pro
458 1931 632 2010 negatione
656 1933 766 1994 omnis
781 1933 974 2010 existentiae,
989 1947 1058 1997 tum
1077 1957 1137 2018 pro
1154 1946 1212 2003 ness

119 2031 248 2112 gationc
265 2030 377 2093 omnis
399 2030 569 2092 realitatis.
588 2030 621 2092 Si
639 2031 749 2111 primo
765 2033 865 2094 modo
880 2035 1072 2115 accipiatur,
1090 2039 1215 2104 dicitur

120 2133 264 2194 nilrilum
276 2122 451 2213 ¹positivum
467 2129 515 2191 vel
528 2131 721 2210 privativum
728 2156 738 2204 ,¹
754 2131 782 2191 si
802 2134 916 2207 altero,
934 2136 1079 2197 nihilum
1093 2145 1217 2220 nepoti·

120 2250 201 2295 cum.
661 2284 665 2293 .

82 2363 84 2369 ι
158 2331 170 2353 *
190 2331 245 2394 ut.
270 2330 445 2392 Puerosrrro
462 2327 501 2390 ll.
524 2328 666 2389 illicilum
681 2329 773 2389 etiam
786 2331 962 2409 cepaticum
972 2337 1091 2416 concipi
1101 2350 1209 2418 potest,

118 2432 167 2494 scd
176 2429 329 2540 ffrmcrt‘
342 2429 455 2509 aequit,
469 2428 532 2488 uisi
545 2446 614 2488 cum
628 2427 735 2507 aliqua
746 2428 941 2493 limitatione.

160 2527 244 2592 Sane
261 2546 357 2590 nemo
376 2524 519 2607 negabit,
537 2524 681 2586 nilrilum
704 2527 828 2607 percipi
847 2543 913 2590 non
941 2547 1036 2608 posse
1051 2550 1110 2611 per
1135 2554 1211 2616 pro·

122 2630 225 2710 priam
241 2628 435 2701 realitatem,
449 2626 563 2687 eodem
578 2632 671 2705 pacto
683 2641 720 2686 ac
736 2626 762 2686 si
776 2637 860 2687 esset
875 2628 1013 2708 aliquid.
1030 2632 1069 2692 At
1084 2644 1209 2699 certum

121 2746 157 2790 ex
173 2745 269 2809 aequu
286 2734 344 2800 est,
362 2724 505 2787 nihilum
519 2724 650 2803 concipi
668 2740 763 2803 posse
782 2742 840 2804 per
863 2727 948 2788 entis
963 2730 1094 2791 totalem
1111 2751 1210 2815 nega.

121 2826 257 2889 tionem.
271 2822 656 2897 Quemadmodumenim
674 2840 740 2884 uno
751 2835 911 2904 conceptu
924 2829 1036 2889 omnia
1048 2848 1120 2933 quae
1132 2845 1212 2896 snut

121 2925 293 3006 complecti
318 2940 503 3003 possumus,
521 2921 564 2983 ita
587 2922 697 2984 omnis
721 2922 851 2983 realitas
866 2925 1063 3002 cogitatione
1079 2948 1142 2993 una
1158 2952 1212 2995 re·

120 3023 242 3085 moveri
258 3031 374 3103 potest,
385 3029 416 3082 et
428 3021 475 3082 sic
487 3030 610 3082 remota
624 3019 768 3100 concipi,
782 3020 867 3081 nihil
881 3022 921 3082 de
934 3023 991 3084 illa
1002 3026 1212 3108 affirmando,

120 3122 205 3183 nihil
222 3121 385 3202 negando.
1221 3198 1226 3209 ,

159 3220 272 3300 Neque
287 3205 387 3293 dieas,
407 3217 543 3297 perinde
559 3234 629 3278 esse
645 3218 822 3299 concipere
837 3218 981 3281 nihilum
995 3239 1032 3283 ac
1047 3240 1112 3283 non
1129 3220 1210 3288 con·

119 3320 229 3400 cipere
252 3318 443 3400 quidquam.
462 3316 530 3378 Hoc
549 3316 638 3376 enim
654 3318 792 3378 omnino
819 3314 937 3377 salsum
952 3330 1012 3379 est.
1028 3319 1108 3381 Nam
1125 3323 1211 3403 lapis

120 3437 148 3481 v.
166 3437 214 3500 gr.
233 3436 299 3480 non
316 3415 461 3496 concipit
480 3414 674 3495 quidquam,
693 3426 724 3475 et
737 3424 843 3476 tamen
861 3415 1004 3499 nihilum
1017 3434 1082 3480 non
1099 3422 1212 3485 conci·
1276 3485 1277 3488 ,

121 3518 178 3598 pit.
193 3516 300 3587 Quum
324 3532 390 3578 non
406 3514 555 3593 concipis
571 3513 767 3594 quidquam,
784 3524 856 3575 actu
873 3516 1077 3595 intelligendi
1104 3537 1212 3597 cares,

120 3627 151 3678 at
166 3632 268 3696 quum
291 3614 434 3676 nihilum
451 3612 611 3691 concipis,
629 3622 736 3673 actum
761 3613 969 3693 intelligendi
985 3632 1127 3680 exerces.
1145 3617 1209 3690 Qui

121 3715 264 3775 nihilum
284 3712 440 3793 concipit,
458 3713 582 3775 nullam
603 3712 749 3791 prolecto
767 3712 830 3774 sibi
850 3724 1059 3792 repraesentat
1077 3720 1209 3781 realita-

120 3822 195 3888 tem,
214 3812 290 3873 etin
310 3814 372 3873 hoc
394 3811 546 3873 convenit
561 3827 634 3871 cum
652 3827 690 3880 eo
714 3812 769 3890 qui
788 3828 852 3870 non
870 3812 987 3889 cogitat
1004 3813 1207 3894 quidquam
1238 3811 1239 3814 ’

119 3912 174 3972 sed
188 3912 322 3991 insuper
337 3927 468 3973 omnem
485 3911 664 3973 realitalem
680 3922 838 3974 remotam
856 3911 1021 3991 intelligit,
1039 3923 1070 3974 et
1092 3919 1125 3976 iu
1144 3918 1213 3982 hoc

119 4028 193 4071 cum
211 4009 270 4073 illo
287 4027 355 4074 non
369 4009 531 4074 convenit.
1218 4035 1220 4038 ·
