2792 4600
367 408 633 585 ulnuu
703 486 1077 586 PRIMUS.

629 666 760 735 CAPUT
782 667 809 733 Ι.

561 816 596 861 ott
615 816 687 861 ΕΝΤΕ
707 818 736 859 llt
757 816 876 860 GENER!-

609 961 775 1008 turtoutus
798 964 822 1008 ι.
921 1002 931 1018 ,

577 1073 621 1135 De
635 1075 713 1136 cotia
728 1074 863 1137 notione.

167 1193 169 1197 ¹
210 1206 242 1271 9.
259 1204 550 1277 Entisnotio,cum
563 1204 747 1286 unicuique
758 1204 940 1269 clarissima
948 1204 1001 1280 sit,
1013 1202 1144 1285 proprie
1156 1211 1263 1268 tamen

167 1305 301 1375 definiri
318 1322 384 1367 non
401 1310 518 1383 potest.
535 1305 646 1366 Primo
663 1304 800 1384 quidem
816 1312 949 1385 propter
964 1303 1066 1384 ipsam
1082 1301 1153 1383 ejus
1168 1303 1265 1366 clari·

168 1413 285 1480 tatem;
317 1403 431 1483 nequit
453 1402 543 1464 enim
569 1420 626 1482 per
647 1402 806 1466 clariores
828 1410 1005 1483 conceptus
1034 1401 1203 1483 explicari,
1229 1411 1265 1464 ut

168 1502 311 1584 postulat
339 1500 510 1576 delinitio3
541 1499 663 1563 deinde
688 1519 777 1577 vero,
803 1501 880 1583 quia
908 1501 1084 1564 notionum
1113 1499 1264 1563 omnium

166 1598 425 1664 abstractissima
449 1605 497 1660 est
523 1608 555 1661 et
583 1598 849 1679 simplicissima3
871 1607 1039 1679 postremo
1055 1616 1093 1661 ex
1119 1616 1158 1661 eo
1174 1597 1263 1679 quod

168 1698 335 1781 quidquid
350 1700 543 1778 cogitemus,
558 1695 724 1778 quidquid
738 1696 899 1772 dicamus,
913 1696 999 1760 entis
1012 1696 1174 1760 rationem
1188 1714 1265 1760 con·

167 1797 263 1869 tinet,
276 1796 356 1876 quia
371 1794 483 1858 omnia
500 1814 558 1876 per
572 1795 672 1858 talem
685 1796 848 1859 rationem
864 1795 1055 1859 naturaliter
1067 1794 1175 1875 primo
1191 1815 1266 1877 per·

167 1894 352 1976 cipiantur.
376 1893 477 1973 lpitur
499 1894 612 1956 nullus
642 1901 748 1973 potest
770 1894 811 1957 ad
835 1912 892 1958 ens
909 1893 1132 1957 deliniendum
1156 1893 1264 1957 afferri

167 2006 358 2077 conceptus,
375 1996 432 2076 qui
449 1996 534 2058 entis
550 1996 716 2059 rationem
731 2013 798 2060 non
814 1995 1082 2077 comprehendat.

211 2097 262 2160 lo.
286 2093 327 2157 At
345 2093 505 2155 declarari
520 2094 633 2156 saltem
651 2101 768 2175 potest,
787 2094 854 2157 imo
873 2104 905 2157 et
921 2094 1031 2170 debet,
1049 2093 1083 2156 in
1099 2112 1166 2174 quo
1180 2094 1266 2156 entis

167 2196 252 2256 ratio
265 2192 434 2266 consistat,
444 2199 476 2253 et
489 2191 569 2272 qnid
583 2191 668 2253 entis
681 2192 818 2254 nomine
830 2191 1066 2272 significemus.
1080 2190 1265 2267 Uthocfiat,

167 2289 300 2353 adverte
317 2289 350 2351 id
368 2287 457 2371 quod
482 2288 516 2351 in
543 2289 649 2370 logica
677 2288 852 2354 docuimus
869 2292 916 2369 (t.
939 2289 1010 2365 tot,
1028 2290 1111 2371 loa),
1128 2290 1266 2355 verbum

164 2398 209 2453 est
234 2389 422 2470 significare
440 2407 570 2470 semper
585 2398 695 2451 actum
710 2391 756 2453 rei
772 2389 935 2469 cogitata,
952 2407 1051 2471 quem
1068 2407 1160 2453 mens
1185 2407 1264 2453 con·

166 2489 321 2568 templata
337 2498 386 2550 est
411 2495 443 2550 et
466 2487 499 2548 in
517 2508 551 2549 so
567 2487 740 2569 exprimit;
759 2488 849 2550 bunc
871 2496 980 2551 aulem
995 2495 1102 2551 actum
1129 2486 1179 2550 vel
1195 2505 1265 2551 esse

168 2585 351 2648 existentiae
373 2586 421 2648 vel
453 2585 622 2663 essentiam
652 2603 782 2667 nempe,
801 2595 837 2648 ut
865 2585 988 2648 ibidem
1019 2584 1264 2666 explicavimus,

168 2702 241 2747 esse
256 2685 476 2747 actualitatem
497 2683 647 2763 subjecti,
664 2684 748 2746 vela
770 2701 978 2765 quacumque
993 2683 1266 2751 determinatione

170 2782 353 2865 praecisam,
363 2782 412 2844 vel
428 2792 462 2844 ut
474 2782 694 2845 determinato
706 2800 827 2863 genere
838 2783 1038 2846 continetur.
1051 2782 1264 2847 Actusaulem

170 2882 330 2951 essentie,
347 2898 536 2960 quanquam
559 2879 763 2960 multiplices
782 2879 850 2942 sint
872 2888 904 2943 et
919 2879 1051 2955 diversi,
1069 2880 1130 2944 hac
1156 2890 1264 2945 tamen

169 2979 269 3041 unica
298 2979 371 3041 idea
399 2978 539 3041 maxime
556 2980 725 3042 communi
756 2979 1097 3059 comprehenduntur,
1112 2979 1266 3044 videlicet
1318 3061 1327 3078 x

166 3096 230 3139 carc
244 3077 449 3151 determinati,
469 3077 558 3159 quod
575 3078 663 3141 idem
678 3089 727 3140 est
743 3095 780 3141 ac
794 3079 919 3153 entitas,
936 3096 993 3141 seu
1007 3080 1144 3144 realiter.

131 3201 135 3209 ’
213 3178 264 3240 ll.
290 3173 373 3239 llinc
395 3178 566 3257 colligitur
583 3181 615 3242 l⁰
636 3177 719 3259 quid
737 3177 822 3240 entis
844 3178 980 3240 nominc
995 3179 1113 3242 veniat.
1130 3180 1196 3245 Ens
1217 3188 1267 3243 est

169 3276 261 3356 quod
277 3276 373 3339 babet
383 3294 465 3338 esse.
479 3277 558 3341 Esse
569 3286 677 3339 autem
690 3276 738 3339 vel
752 3287 801 3338 est
812 3277 983 3339 existentia
994 3276 1201 3357 simpliciter,
1214 3279 1265 3342 uel

171 3373 304 3436 realitas
319 3373 441 3452 aliqua,
459 3381 495 3434 nt
511 3373 609 3435 modo
625 3372 781 3436 diximus.
794 3372 861 3436 Eos
877 3372 978 3455 igitur
992 3374 1059 3437 duo
1075 3375 1236 3456 significat
1254 3392 1262 3440 :

168 3469 205 3551 o)
219 3471 252 3533 id
279 3469 359 3550 quod
380 3469 501 3544 eeistiu
517 3468 549 3552 l)
564 3470 597 3533 td
625 3472 708 3551 quod
736 3471 824 3532 latet
853 3470 991 3553 aliquam
1018 3472 1204 3550 restitutam,
1234 3483 1266 3538 et

174 3571 238 3633 boc
253 3586 350 3631 sensu
368 3569 455 3630 idem
472 3580 519 3630 ost
536 3586 572 3631 ac
587 3588 646 3632 rer.
664 3568 727 3631 Res
742 3568 832 3632 enim
848 3572 933 3650 (quae
955 3571 1047 3634 notio
1070 3589 1135 3633 una
1157 3580 1205 3635 est
1226 3590 1265 3635 ex

172 3666 491 3742 transcendentibus)
505 3676 552 3729 est
576 3668 609 3728 id
626 3667 716 3748 quod
741 3667 838 3730 habet
858 3687 917 3730 esse
931 3675 1043 3744 ratum,
1061 3687 1179 3751 nempe
1194 3688 1265 3735 esse

170 3767 425 3829 determinatum
435 3765 508 3843 (to).
520 3766 555 3826 ln
571 3768 630 3828 bac
642 3767 742 3829 altera
755 3767 1266 3849 potissimumacceptioneonto·

172 3866 260 3946 logia
275 3883 333 3926 ens
348 3865 547 3928 considerat.

215 3962 230 3991 *
245 3966 278 4027 2⁰
293 3962 339 4026 Ex
355 3965 482 4026 duabus
498 3964 589 4027 bisce
605 3964 690 4026 entis
707 3963 954 4046 acceptionibus
971 3964 1076 4045 prima
1092 3964 1201 4028 exibet
1216 3964 1262 4042 id,
