2792 4600
405 228 514 309 ‘traxe
537 264 698 323 satuimus,
723 265 814 311 carm
837 267 865 310 v.
1125 247 1188 310 tto

53 370 54 387 ¹
111 378 159 440 sad
180 395 263 441 unus
278 379 365 453 tinis,
383 379 508 443 bonurn
526 397 640 461 nempe
655 380 897 460 assequendum
914 380 954 442 ab
970 381 1083 461 aliquo
1107 379 1185 442 sub·

111 476 198 556 jecto.

145 576 175 636 5⁰
190 576 234 639 lix
251 582 341 656 parte
357 577 447 638 modi
474 596 541 657 quo
557 577 621 640 fine
636 578 796 657 objectivo
813 579 912 659 potiri
931 596 1118 659 possumus,
1135 578 1189 641 di·

111 673 221 734 viditur
237 673 311 735 finis
328 673 361 735 in
377 675 564 755 efficiendum
580 683 611 738 ει
625 676 831 738 obtinendum.
848 677 978 739 Primus
993 686 1041 739 est
1060 676 1185 739 bouum

112 773 187 853 quod
204 780 278 832 ante
302 773 426 851 agentis
442 774 660 836 intentionem
676 785 707 838 et
724 774 887 837 actionem
904 793 970 838 non
986 775 1189 856 supponitur
1226 788 1230 799 ‘

112 870 248 940 existens,
267 871 323 932 sed
338 889 395 951 per
411 871 502 931 iilam
517 873 741 946 constituitur,
759 883 795 934 ut
810 884 857 934 εει
873 873 983 952 aegroti
1001 873 1122 935 sanitas
1130 884 1186 935 aut

53 980 54 985 ’
109 969 230 1030 studiosi
257 970 421 1032 doctrina.
438 970 527 1031 Alter
543 983 590 1033 εει
616 974 740 1033 honum
756 971 845 1052 quod
861 983 935 1034 ante
962 971 1181 1035 intentionem

111 1069 220 1146 agentis
243 1070 442 1147 supponitur
459 1070 611 1146 existens,
630 1083 727 1151 atque
742 1080 777 1132 ut
802 1071 1024 1152 acquirendus
1040 1070 1183 1132 intendi·

113 1176 165 1228 tur.
189 1164 275 1227 Talis
291 1166 367 1228 finis
383 1179 430 1228 est
446 1186 562 1229 aurum
580 1179 729 1249 respectu
741 1169 841 1232 avari.

143 1263 235 1326 oux
251 1278 342 1344 parte
369 1285 479 1329 rerum
505 1286 579 1348 quae
605 1268 766 1347 rationem
794 1267 870 1329 finis
897 1267 1017 1331 babere
1034 1277 1182 1349 possunt,
1258 1328 1261 1335 .

113 1364 153 1424 ha
174 1381 223 1425 res
240 1364 422 1444 aliquando
449 1374 525 1429 sunt
539 1366 658 1447 aliquid
679 1367 760 1445 qnod
784 1384 824 1427 en
848 1367 1022 1447 operatione
1045 1368 1186 1444 resultat,

91 1465 94 1474 '
112 1459 376 1543 quemadmodum
403 1463 477 1525 finis
488 1463 721 1526 aedificationis
737 1471 786 1526 est
812 1463 941 1539 domus,
958 1465 1184 1551 attentationis

113 1569 151 1622 εει
172 1561 310 1638 sanitas;
327 1563 506 1643 aliquando
532 1564 602 1643 ipso
627 1564 773 1644 operatio,
803 1564 1083 1643 quemadmodum
1109 1563 1185 1626 iinis

53 1656 54 1663 '
113 1660 385 1741 contemplationis
414 1671 461 1723 est
477 1662 548 1742 ipsa
572 1662 819 1742 contemplatio,
840 1670 871 1725 et
896 1661 973 1724 finis
999 1672 1112 1725 cantus
1138 1671 1186 1725 est

114 1761 311 1837 ipsccantus.

143 1858 208 1922 mo.
224 1859 258 1919 5⁰
274 1859 463 1940 Pervuigata
478 1870 525 1922 est
548 1859 623 1920 finis
641 1859 771 1939 partitio
798 1860 830 1921 in
853 1861 945 1940 finem
970 1860 1080 1939 operit,
1097 1867 1128 1921 ει
1142 1862 1184 1939 fi·

113 1977 167 2018 nen
189 1961 353 2039 operantis,
368 1980 437 2035 seu,
456 1973 490 2023 ut
515 1960 570 2021 aiii
598 1959 723 2032 dicunt,
745 1960 778 2021 in
804 1959 903 2022 tinem
929 1961 1129 2023 intrinsecum
1153 1967 1185 2021 ει

113 2059 311 2122 extrinsecam.
325 2062 427 2123 Porro
443 2059 517 2121 finis
533 2060 643 2141 operis
655 2071 703 2121 εει
718 2061 750 2120 td
764 2061 805 2120 od
818 2062 898 2143 quod
911 2078 989 2140 opus
1002 2067 1117 2121 notura
1128 2076 1185 2120 ano

114 2156 276 2232 ordinctnr;
294 2158 341 2219 uti
360 2159 393 2219 in
421 2157 693 2237 exemplissupra
722 2156 829 2218 altatis
846 2156 920 2218 finis
946 2158 1056 2237 operis
1082 2155 1184 2219 aediii·

114 2254 193 2315 candi
210 2264 257 2318 est
274 2255 403 2331 domus,
421 2265 452 2319 ει
477 2257 613 2320 canendi
642 2266 690 2318 εει
712 2267 837 2319 cantus.
855 2254 946 2322 Finis
971 2265 1079 2317 autem
1105 2272 1184 2335 ope·
1258 2299 1264 2312 .

114 2355 202 2414 rantis
216 2365 263 2416 est
277 2357 312 2416 id
336 2358 416 2437 qnod
440 2375 533 2437 opens
545 2377 605 2437 pro
633 2357 722 2418 ttottn
745 2356 888 2419 intendit.
906 2356 973 2419 Hoc
990 2363 1083 2434 pacto
1109 2353 1187 2416 finis

113 2470 138 2514 v.
152 2472 195 2532 gr.
213 2455 362 2517 canentis
388 2465 493 2537 potest
519 2475 589 2518 εεεε
618 2456 760 2530 tucrum,
777 2455 894 2535 glorie,
911 2455 1083 2517 delectatio
1108 2472 1184 2535 pro·

113 2545 183 2629 pria,
200 2553 309 2615 honor
324 2554 454 2615 divinus
469 2554 516 2617 vel
533 2554 629 2615 etiam
648 2555 717 2633 ipse
733 2552 868 2617 cantus:
888 2563 993 2634 potest
1006 2552 1093 2614 enim
1110 2552 1186 2613 finis

114 2652 265 2730 operantis
281 2671 352 2714 esse
369 2653 401 2713 id
420 2654 527 2733 ipsum
542 2652 630 2733 quod
647 2662 694 2714 εει
710 2652 785 2713 finis
801 2654 922 2731 operis.

147 2751 212 2814 iit't.
236 2750 293 2813 Est
307 2753 405 2814 etiam
421 2772 482 2814 usu
507 2752 645 2815 celebris
660 2752 780 2815 divisio
808 2752 882 2814 iinis
899 2752 932 2814 in
958 2752 1139 2833 prooeimnm
1154 2758 1186 2813 et

114 2852 549 2933 renotumoetnttintnnt,·quae
566 2851 683 2913 divisio
698 2851 740 2912 ab
752 2869 788 2913 ca
801 2851 941 2914 maxime
953 2850 1028 2911 finis
1037 2849 1185 2930 proprie·

114 2953 166 3008 tate
180 2949 375 3025 desumitur,
390 2952 478 3031 quod
493 2950 536 3010 sit
548 2949 631 3011 ratio
648 2958 782 3029 propter
797 2967 895 3030 quam
912 2948 1019 3011 media
1034 2957 1191 3010 amantur

115 3056 140 3104 ει
162 3045 368 3110 adhibentur.
386 3048 554 3125 Contingit
568 3048 657 3108 enim
681 3046 891 3128 quandoque,
912 3046 1021 3108 media
1046 3065 1118 3126 quae
1144 3045 1183 3106 ad

115 3160 203 3206 unum
233 3146 332 3209 tinem
359 3147 644 3224 adhibenturesse
671 3145 755 3207 inter
782 3164 815 3207 εε
840 3144 1066 3219 subordinate,
1085 3146 1129 3207 ita
1151 3155 1191 3207 ut.

116 3244 244 3323 primum
261 3247 305 3309 sit
320 3247 467 3310 medium
494 3246 533 3309 ad
551 3247 745 3320 secundum,
762 3244 943 3307 seeundum
960 3245 1037 3306 item
1053 3245 1093 3306 ad
1119 3254 1183 3307 ter·

114 3342 195 3418 tium,
212 3356 242 3407 ει
258 3346 301 3408 ita
318 3365 430 3428 porro,
445 3348 551 3410 donec
567 3347 601 3408 in
618 3346 736 3407 ultimo
752 3344 859 3407 medio
875 3344 1018 3421 sistatur,
1037 3346 1125 3426 quod
1143 3345 1186 3409 ad-

116 3440 199 3505 finem
216 3445 324 3525 primo
337 3448 499 3509 intentum
515 3446 622 3508 statim
636 3444 779 3507 adducit.
797 3443 833 3504 {n
851 3445 912 3506 hac
927 3441 1004 3525 ergo
1019 3445 1104 3507 serie
1126 3445 1184 3507 du·

117 3540 179 3619 plex
199 3552 247 3605 est
273 3544 356 3608 ordo
382 3544 646 3625 distinguendus,
663 3546 745 3606 alter
758 3543 948 3618 intentionis,
965 3545 1047 3606 alter
1061 3563 1184 3609 entecn-

117 3640 207 3703 tt'onix.
224 3642 259 3703 ln
287 3642 404 3734 ordine
430 3644 623 3708 intentionis
650 3644 794 3723 primum
821 3644 909 3723 quod
938 3644 1120 3706 intenditur
1135 3655 1190 3708 est

117 3736 193 3814 finis;
206 3740 324 3804 deinde
339 3743 474 3824 eligitur
489 3744 633 3807 medium
649 3742 738 3823 quod
753 3741 793 3803 ad
809 3741 908 3804 finem
925 3742 1111 3807 immediate
1126 3743 1182 3807 ad·

120 3835 212 3914 ducit;
227 3840 347 3904 deinde
362 3843 508 3905 medium
524 3843 662 3904 aiterum
678 3840 718 3903 ad
735 3840 880 3922 primum
897 3842 980 3905 illud
1004 3860 1184 3924 exsequen-

122 3931 198 4013 dum,
215 3948 274 4003 etc.
292 3941 329 4004 ln
344 3941 552 4005 ordinavero
568 3938 786 4004 exsecutionis
801 3940 947 4021 primum
962 3950 1010 4005 εει
1024 3941 1189 4019 medium,
