2792 4600
453 340 539 383 arceri
561 340 682 396 inrisos,
707 339 798 384 aanor·
821 341 865 384 ru.
1168 328 1213 392 37

159 455 297 528 Quodsi
317 454 440 529 dicant,
458 470 494 515 ea
525 471 598 534 quae
619 453 703 515 Deus
727 453 833 516 facere
854 456 980 536 nequit,
999 459 1150 538 cognosci
1169 478 1208 522 ex

117 553 381 618 contradictione
396 568 494 633 quam
512 548 772 632 includunt,jam
787 552 848 633 ipsi
865 555 1050 617 concedunt
1064 575 1133 618 esse
1148 559 1209 619 aii·

119 670 218 735 quam
244 651 456 712 intrinsecam
484 648 794 728 impossibilitatem,
812 646 885 712 sine
906 652 975 714 ulio
998 654 1038 713 ad
1062 656 1207 716 divinam

120 752 298 831 potentiam
330 758 498 829 respectu;
515 750 662 827 adeoque
691 747 872 810 concedere
894 750 1024 824 debent,
1048 753 1208 832 indepen-

118 850 236 911 denter
252 862 385 928 quoque
399 864 417 907 a
431 848 540 908 divina
558 845 714 926 potentia,
733 864 769 907 ea
785 864 858 926 quae
873 847 1124 911 contradictoria
1140 868 1207 914 non

116 960 209 1022 sunt,
224 965 294 1009 esse
310 946 492 1026 possibilia.

154 1045 213 1106 76.
239 1046 407 1108 Reiutatur
423 1031 538 1124 opinio
553 1044 664 1106 altera.

163 1144 196 1204 1⁰
211 1143 245 1206 Si
255 1145 382 1225 interna
392 1140 594 1223 possibilitas
608 1142 802 1205 avoiuntate
815 1141 924 1202 divina
938 1140 1104 1222 penderet,
1117 1144 1159 1206 ab
1171 1164 1211 1207 ea

117 1259 255 1322 quoque
268 1240 425 1322 penderet
445 1242 553 1321 quoad
574 1257 684 1314 rerum
701 1242 924 1320 cognitionem
936 1241 1067 1304 divinus
1080 1241 1211 1305 intelie-

118 1349 216 1405 ctus:
241 1339 386 1421 cognitio
402 1339 491 1401 enim
507 1339 664 1418 supponit
689 1340 852 1417 objectum
872 1357 880 1402 :
904 1348 979 1401 ante
995 1341 1207 1421 possibilium

121 1449 231 1501 autem
247 1439 462 1500 essentiarum
477 1430 745 1501 constitutionem
759 1439 886 1499 nultum
900 1450 966 1500 erat
982 1439 1144 1518 objectum
1159 1442 1213 1502 in-

121 1537 309 1617 telligibile.
326 1537 422 1617 Atqui
440 1537 536 1617 piane
551 1547 710 1616 repugnat
725 1536 873 1597 divinum
887 1537 1088 1600 intellectum
1101 1541 1211 1619 quoad

121 1654 235 1699 rerum
251 1630 473 1717 cognitionem
489 1653 507 1696 a
521 1636 684 1699 voluntate
701 1638 865 1715 pendere:
885 1652 959 1696 nam
973 1638 1082 1716 potius
1093 1641 1211 1700 voiun-

121 1737 197 1798 tatis
227 1745 285 1811 est,
304 1748 339 1796 ut
353 1734 492 1816 pendeat
519 1734 559 1793 ab
576 1733 754 1808 intellectu,
771 1733 848 1812 quia
865 1734 949 1795 ninii
977 1736 1112 1797 volitum
1129 1738 1212 1817 quin

122 1837 379 1917 praecognitum;
397 1844 429 1895 et
450 1842 604 1913 praeterea
626 1837 702 1913 quia
725 1832 764 1893 ad
782 1833 984 1895 intellectum
1007 1838 1159 1914 pertinet,
1177 1846 1215 1898 ut

120 1936 322 1999 voluntatem
337 1932 456 2013 dirigat
468 1932 557 2012 juxta
572 1933 778 2012 sapientiam,
793 1931 876 2012 Ergo
888 1934 952 1995 dici
967 1934 1092 2014 nequit,
1110 1924 1214 1998 iuterss

123 2052 201 2097 nam
217 2033 466 2114 possibilitatem
481 2051 498 2093 a
515 2011 626 2094 div'ina
642 2033 807 2095 voluntate
822 2033 977 2112 pendere.

167 2137 200 2194 2⁰
215 2132 308 2194 tuate
326 2132 506 2194 Cartesium
524 2131 647 2192 idcirco
663 2131 771 2192 scium
793 2131 940 2210 quaedam
958 2132 1129 2212 possibilia
1146 2152 1211 2196 non

121 2241 213 2306 sunt,
232 2232 309 2312 quia
324 2230 401 2292 talia
417 2229 473 2291 iiia
489 2248 559 2292 esse
575 2229 660 2291 Deus
675 2248 741 2291 non
758 2230 871 2292 voluit.
885 2229 917 2291 Si
932 2249 1009 2310 ergo
1021 2233 1105 2294 Deus
1117 2234 1214 2295 aliter

121 2330 291 2405 voluisset,
309 2330 364 2391 ilia
395 2338 503 2391 essent
518 2328 710 2409 possibilia3
731 2347 849 2407 nempe
878 2329 1036 2390 existendi
1056 2331 1214 2394 haberent

77 2448 81 2454 ·
120 2429 349 2510 capacitatem,
367 2427 518 2507 adeoque
527 2426 638 2487 divina
654 2427 771 2498 virtute
784 2426 866 2488 effici
881 2438 1023 2506 possent.
1036 2429 1136 2509 Atqui
1151 2432 1214 2491 troc

122 2528 223 2608 piane
237 2534 408 2606 repugnat.

166 2626 248 2687 Nam
273 2633 434 2706 repugnat
459 2620 635 2685 terminum
659 2621 778 2684 divinae
807 2623 933 2685 virtutis
948 2626 1114 2704 operantis
1143 2644 1214 2688 esse

123 2724 271 2787 nihilum
291 2720 694 2797 absolutum3absurdum
725 2722 875 2783 estenim
893 2722 993 2784 [teum
1024 2725 1165 2805 operari,
1183 2734 1216 2787 et

120 2821 293 2905 operando
310 2820 492 2901 producere
508 2819 663 2880 nihilum.

166 2921 264 3002 Atqui
295 2921 323 2981 si
340 2920 429 2982 dicas
451 2921 554 2983 Deum
570 2917 697 2981 efficere
718 2936 812 2998 posse
827 2936 899 2998 quae
925 2905 1095 2998 pdssihilta
1113 2921 1212 2984 modo

122 3036 192 3082 non
219 3028 305 3094 suut,
331 3018 415 3080 dicis
438 3018 615 3080 terminum
645 3018 766 3078 divinae
793 3019 922 3078 virtutis
951 3020 1117 3098 operantis
1142 3039 1213 3081 esse

123 3136 222 3199 posse
248 3117 405 3179 nihilum.
423 3117 499 3190 Qoae
527 3117 616 3178 enim
634 3116 733 3178 modo
761 3116 932 3196 possibilia
947 3135 1013 3179 non
1040 3128 1127 3193 sunt,
1145 3120 1213 3181 eie·

124 3219 245 3280 mentis
261 3224 411 3279 constant
423 3215 486 3277 sibi
499 3214 814 3277 contradicentibus.
827 3216 898 3277 iam
911 3233 984 3295 quae
995 3217 1215 3281 contradicto·

123 3318 175 3379 ria
204 3325 291 3390 suut,
321 3333 355 3378 se
384 3325 499 3379 mutuo
529 3315 713 3389 destruunt,
744 3332 819 3377 cum
849 3332 915 3377 non
946 3318 1047 3396 possit
1075 3319 1214 3381 aiterum

125 3414 262 3477 iliorum
290 3413 440 3490 existere,
457 3413 520 3474 nisi
545 3413 648 3476 altero
676 3414 818 3476 excluso.
837 3413 937 3492 Igitur
959 3419 984 3475 si
1011 3415 1094 3478 Deus
1116 3418 1214 3479 veiiet

124 3523 304 3593 utrumque
318 3513 429 3587 simui,
448 3513 549 3574 nollet
563 3511 662 3573 simul
679 3523 868 3591 utrumque,
885 3513 1032 3592 adeoque
1048 3515 1134 3576 nihii
1148 3517 1211 3577 vei·

125 3612 183 3673 iet.
201 3609 263 3671 Fac
278 3627 307 3673 v.
324 3627 372 3690 gr.
390 3609 492 3672 Deum
509 3609 591 3688 velie
612 3608 774 3687 circulum
792 3610 998 3688 quadratum.
1017 3611 1100 3685 Quid
1117 3613 1214 3675 vellet

126 3710 162 3771 in
179 3709 240 3794 hec
255 3708 450 3789 hypothesi?
465 3689 568 3769 Veliet
583 3705 746 3768 circutum
758 3724 824 3769 non
841 3706 1013 3783 circutum,
1030 3718 1061 3770 et
1076 3711 1217 3790 quadra·

126 3822 197 3872 tum
209 3825 276 3870 nou
293 3807 506 3887 quadratum;
523 3804 682 3867 nimirum
700 3820 759 3865 nec
774 3806 933 3866 circutum
951 3807 1047 3877 veliet
1063 3826 1123 3870 nec
1134 3827 1220 3889 qua-1

125 3903 269 3971 drotum.
1232 3986 1235 3991 .

167 4006 201 4068 5⁰
216 4004 249 4068 Si
276 4005 360 4069 neus
376 4010 485 4097 posset
501 4000 639 4077 efficere,
658 4010 693 4063 ut
708 4010 816 4063 essent
841 4001 1012 4082 possibilia
1028 4020 1101 4083 quae
1116 4006 1217 4068 modo
