2792 4600
204 342 248 407 92
488 392 494 399 .
670 357 841 405 carcanum

207 475 342 540 delicet:
354 496 370 534 ι
383 474 456 538 Non
471 491 678 556 quaeeunque
692 473 898 555 objectorum
914 472 1083 537 diuersitas
1098 472 1297 541 diversificat
1379 494 1380 549 3

209 573 412 655 «potentias
439 574 558 637 animae
584 573 640 639 sed
671 572 856 635 differentia
886 572 956 651 ejus
985 571 1025 634 ad
1054 572 1143 654 quod
1175 588 1233 653 per
1261 590 1297 634 se

210 658 403 754 ‹potentia'
422 673 568 753 respicit.
592 673 746 736 »Sensus
776 681 810 735 v.‘
832 689 882 752 gr.
913 688 972 752 per
997 690 1031 733 se
1052 670 1187 752 respicit
1212 688 1296 753 qua·
1379 666 1380 697 ³

205 771 330 835 litatem
344 771 535 836 sensibilem
564 791 637 854 quae
659 778 965 853 persequebaris
987 788 1106 851 nempe
1128 769 1296 833 sensibilis
1376 828 1380 837 .

206 882 265 948 est,
276 872 438 937 dividitur
454 873 486 935 in
504 873 661 946 colorem,
676 889 794 935 sonum
809 881 840 934 et
854 871 992 946 similes,
1010 881 1172 952 quaesunt
1186 870 1297 932 diver·

206 972 335 1054 simodo
349 972 535 1047 sensibiles,
558 979 590 1035 et
606 971 732 1034 idcirco
747 971 809 1034 alia
826 972 972 1051 potentia
984 978 1031 1032 est
1047 969 1169 1034 coloris
1183 978 1215 1032 et
1230 967 1296 1031 alia
1380 964 1381 1031 3

205 1071 292 1136 soni.
310 1072 403 1147 Quod
428 1081 536 1135 autem
553 1089 604 1133 res
629 1070 772 1133 colorata
789 1071 832 1131 sit
858 1086 975 1149 magna
999 1068 1050 1132 vel
1065 1085 1174 1149 parva,
1193 1068 1297 1131 bomo
1380 1072 1381 1133 l

206 1179 263 1232 aut
278 1170 373 1251 lapis,
401 1172 470 1234 baec
495 1170 607 1235 omnia
622 1177 773 1250 respectu
795 1168 843 1231 rei
870 1167 1085 1232 sensibilisse
1101 1167 1296 1248 habentper
1380 1252 1381 1259 ἵ

197 1269 368 1334 accidens.
399 1269 545 1351 Ideoque
573 1268 755 1332 secundum
778 1268 848 1331 baec
878 1267 1034 1349 potentiae
1070 1284 1136 1331 non
1174 1266 1296 1332 distin·

208 1377 366 1449 guantur.

626 1517 791 1565 sericatus
813 1516 860 1563 ru.

659 1630 704 1693 De
719 1631 837 1695 babitu.

249 1747 321 1825 183.
338 1759 476 1824 Habitus
490 1760 532 1822 ab
552 1761 688 1824 babendo
704 1762 886 1824 secundum
901 1767 948 1823 tot
964 1759 1220 1839 significationes
1235 1761 1294 1824 de·
1381 1782 1382 1817 ÷

206 1859 341 1932 rivatur,
367 1865 449 1938 quot
476 1856 578 1919 verbo
603 1858 713 1919 babere
736 1857 940 1922 tribuuntur.
961 1856 1023 1919 llas
1038 1856 1294 1937 significationes
1381 1870 1382 1879 ’

206 1963 376 2018 enumerat
387 1954 577 2018 Aristoteles
593 1957 641 2032 (1).

247 2053 431 2118 Generatim
448 2061 556 2115 tamen
572 2052 703 2116 duobus
728 2052 836 2116 modis
851 2052 892 2115 ab
920 2052 1074 2116 babendo
1090 2052 1219 2117 babitus
1235 2054 1293 2118 de-

206 2151 397 2214 nomInatur
413 2151 462 2229 (a).

247 2249 481 2314 osmundum
504 2249 592 2331 quod
610 2266 673 2313 una
690 2265 742 2313 ras
760 2249 857 2313 habet
871 2248 969 2313 allam
985 2266 1073 2326 rem;
1086 2249 1135 2313 sic
1146 2249 1291 2316 dicimur

206 2347 328 2411 habere
340 2350 543 2429 qualitatem,
558 2348 786 2431 quantitatem,
804 2349 958 2425 emirum,
972 2348 1126 2427 domum;
1139 2356 1171 2412 ct
1182 2348 1290 2412 eonti-

203 2463 286 2508 nens
301 2445 424 2509 dicitur
454 2446 574 2509 habere
599 2464 725 2527 eaquae
754 2445 965 2509 continentur
979 2447 1014 2508 in
1037 2446 1122 2526 ipso,
1138 2456 1171 2509 et
1184 2455 1290 2511 totum
1382 2439 1383 2494 Ῐ

206 2542 326 2606 babere
343 2554 460 2625 partes,
473 2553 504 2608 et
518 2546 545 2606 si
559 2564 632 2625 quae
649 2545 873 2619 sunt-similia.
886 2545 979 2607 Juxta
996 2545 1082 2607 banc
1096 2564 1173 2625 ergo
1188 2545 1292 2627 signi·

206 2641 392 2704 ficationem
407 2641 550 2716 habitus,
560 2661 617 2705 seu
635 2643 746 2723 potius
761 2642 911 2719 habitum,
928 2651 976 2705 est
987 2659 1039 2705 res
1052 2662 1124 2723 quae
1137 2642 1290 2708 hebetur.

243 2741 277 2801 2⁰
292 2740 480 2803 Secundum
511 2740 600 2821 quod
617 2757 682 2803 una
698 2757 750 2802 res
775 2739 889 2820 aliquo
913 2739 1012 2803 modo
1028 2739 1126 2803 habet
1139 2760 1172 2804 se
1188 2741 1224 2804 in
1240 2760 1291 2804 se·

210 2838 344 2918 ipsa‚vel
361 2839 401 2900 ad
417 2839 548 2920 aliquid·
560 2838 821 2923 operandum.Et
833 2839 1015 2901 secundum
1030 2840 1092 2903 hoc
1106 2839 1292 2904 habitusest

206 2939 278 3017 ipse
289 2937 406 3001 modus
423 2956 457 3001 se
473 2938 630 3012 habendi,
645 2939 728 3001 benc
740 2956 859 3019 nempe
874 2938 923 3000 vel
939 2938 1108 3013 male,sive
1123 2941 1156 3002 in
1173 2939 1291 3002 ordine

204 3035 245 3096 ad
262 3037 429 3115 propriam
447 3046 607 3111 naturam,
621 3045 657 3099 ut
672 3045 720 3100 est
735 3038 869 3115 sanitas,
889 3036 956 3099 sive
972 3038 1005 3098 in
1021 3036 1140 3100 ordine
1153 3037 1192 3098 ad
1210 3054 1289 3119 pro·

203 3133 310 3214 priam
324 3135 561 3214 operationem,
579 3145 614 3199 ut
629 3145 677 3199 est
692 3137 805 3199 virtus.

245 3231 316 3296 184.
330 3232 392 3294 Sed
416 3234 548 3297 omissis
569 3235 610 3297 iis
627 3253 699 3315 quae
715 3234 898 3313 subjectum
914 3232 997 3296 bene
1013 3233 1064 3296 vel
1080 3234 1165 3297 malo
1180 3234 1214 3295 in
1227 3251 1288 3296 suo

203 3331 358 3411 ipsocsse
386 3332 576 3396 immediate
605 3334 788 3414 disponunt
813 3333 908 3410 (176),
925 3332 1068 3395 strictius
1084 3333 1207 3396 dleitnr
1229 3333 1289 3398 ba-

201 3428 292 3491 bitus
308 3428 341 3489 id
357 3431 446 3509 quod
472 3432 656 3512 subjectum
671 3432 711 3493 ad
738 3431 941 3511 operandum
958 3430 1105 3494 benerei
1122 3431 1206 3494 male
1221 3431 1289 3494 dis·

202 3526 307 3609 ponit.
324 3525 390 3589 Nec
401 3528 570 3593 immerito
582 3547 674 3606 :nam
688 3528 843 3609 perfectio
857 3528 903 3590 rei
921 3529 1036 3592 ultima
1049 3530 1082 3591 in
1096 3530 1290 3610 operatione

202 3624 371 3702 consistit;
401 3635 450 3689 est
475 3628 571 3690 enim
587 3627 735 3708 operatio
760 3627 809 3688 vel
822 3625 898 3688 linis
914 3636 1048 3704 nature,
1066 3628 1115 3690 vcl
1132 3627 1290 3691 adfinem

202 3734 327 3788 naturae
353 3725 550 3805 perducens.
581 3725 672 3789 'lunc
702 3742 778 3805 ergo
801 3726 943 3791 maxime
971 3726 1122 3790 resbene
1137 3728 1184 3791 vel
1203 3727 1290 3790 male

203 3820 404 3903 disponitur,
412 3841 515 3903 quum
528 3823 598 3902 ejus
613 3822 815 3904 potentiaead
831 3824 1035 3904 operandum
1044 3824 1128 3888 bene
1142 3824 1192 3887 rel
1201 3824 1290 3889 male

229 3969 260 4025 (l)
271 3969 329 4015 Gate
348 3969 394 4015 .tlr.
406 3969 452 4014 ult.
463 3994 491 4004 —
503 3969 531 4012 V.
543 3968 598 4016 Mel.
609 3981 631 4015 c.
643 3969 696 4021 XX,
708 3968 825 4017 XXXIII.

229 4025 261 4082 (Ξ)
271 4025 309 4072 cf.
320 3983 346 4073 ξ
356 4027 473 4073 ludam.
484 4026 516 4073 tt.
529 4025 583 4084 l,2.
591 4039 616 4085 p.
625 4039 648 4086 q.
660 4026 819 4075 XLIX-arti
831 4032 857 4074 et
866 4025 912 4074 III.
