2792 4600
171 315 242 380 348
621 327 813 377 cosnotoen.

98 516 102 523 ,
174 447 223 510 tia
246 447 317 508 fnit.
338 446 422 508 Sane
444 464 470 508 s.
489 443 690 526 Augustinus
710 445 887 526 pluresque
903 441 957 504 alii
977 459 1052 503 enm
1068 441 1129 506 illo
1145 440 1270 521 opinati

175 555 266 620 sunt,
284 564 338 608 sex
354 546 429 608 illos
442 544 512 607 dies
535 544 668 607 unicum
682 543 783 606 luisse
799 548 1014 617 momentum,
1032 540 1066 604 in
1083 559 1150 623 quo
1164 558 1274 604 roasa-

175 644 258 720 llter,
285 644 480 707 invisibiliter
505 653 536 707 et
560 644 768 725 potentialiter
792 643 903 705 omnia
933 642 1014 704 iacta
1045 640 1167 704 fuerint
1200 660 1272 723 qnae

178 743 302 806 deinde
318 745 350 806 iu
367 754 551 824 temporum
566 741 650 804 serie
670 742 779 820 reipsa
797 739 878 802 faeta
896 751 972 803 sunt
988 743 1023 819 (a)
1054 739 1131 812 Quae
1158 741 1273 820 opinio

178 842 399 905 rationabilior
414 842 522 906 hahita
538 849 585 904 est
600 841 663 906 aS.
678 841 803 903 Thema
819 843 867 917 (a),
885 848 916 902 et
931 857 1023 921 mque
1039 840 1223 922 probabilis
1238 858 1274 902 ae

178 941 324 1020 uulgaris
346 943 584 1022 interpretatio,
609 959 682 1021 qun
707 939 778 1003 dies
800 940 875 1004 illes
900 940 1157 1022 vigintiquatuor
1184 941 1274 1003 horis

181 1041 470 1103 contineri-statuit
483 1043 531 1118 te).

226 1140 434 1202 Recentiores
463 1155 547 1200 vero·
566 1154 632 1201 non
653 1138 746 1218 panai
764 1138 962 1212 existimant,
989 1140 1058 1201 dies
1086 1137 1274 1219 hny'usmodi

183 1239 359 1301 diuturnas
370 1239 528 1318 temporis
547 1239 702 1317 periodos
718 1238 829 1300 tuisse.
847 1237 951 1318 Atque
971 1238 1127 1302 hanenos
1145 1247 1275 1302 senten·
1373 1277 1374 1296 t

182 1338 264 1400 tiam
280 1337 539 1417 amplectendam
554 1353 737 1410 censemus,
760 1355 832 1416 quae
852 1337 961 1418 quoad
978 1339 1024 1399 rei
1048 1338 1275 1412 substantiam,

184 1453 261 1498 eunt
273 1435 444 1514 Augustini
461 1434 620 1518 sententia
635 1435 799 1515 congruit.

227 1535 300 1599 att.
324 1536 472 1600 Omittam
496 1534 596 1616 igitur
614 1536 735 1597 reterre
756 1536 952 1616 hypotheses
970 1542 1113 1609 caeteras,
1141 1556 1215 1618 qnae
1237 1538 1276 1599 ad

183 1634 426 1698 conciliandam
442 1652 516 1696 eum
533 1635 745 1714 geologorum
762 1634 891 1714 placitis
906 1632 1023 1714 Moysis
1039 1636 1274 1711 narrationem,

185 1735 287 1814 apiis
301 1732 473 1814 dentisque
497 1733 576 1794 viris
592 1733 778 1812 excogitata
793 1741 881 1795 sunt.
898 1730 991 1794 llissa
1008 1751 1140 1814 queque
1161 1734 1277 1797 laeiam

187 1833 434 1895 hermenentioa
460 1842 662 1912 argumenta,
686 1849 760 1912 qum
775 1832 813 1893 nd
834 1833 917 1895 hane
938 1836 1131 1896 sententiam
1158 1834 1277 1900 contir-

186 1933 341 1994 mandam
358 1932 453 1993 allata
468 1940 555 2006 sunt,
573 1932 702 2012 aliaque
718 1949 756 1994 ex
777 1931 845 2012 ipsa
866 1932 975 2014 genesi
1007 1932 1201 2016 deprompta
1230 1938 1277 2014 (4).

186 2032 333 2099 Sufficiet
348 2032 455 2093 solnm
474 2033 542 2093 haec
557 2030 624 2093 duo
640 2041 769 2093 uolasse
788 2049 796 2096 ε
809 2034 839 2094 1·
853 2050 965 2095 vocem
980 2035 1055 2109 diet,
1073 2037 1170 2097 etiam
1192 2037 1277 2118 apud

186 2132 352 2204 Hebraeos,
363 2148 456 2209 saepe
471 2129 574 2209 accipi
594 2147 653 2209 pro
669 2141 827 2210 tempore,
846 2130 944 2194 etiam
959 2132 1154 2213 longissimo
1168 2157 1181 2210 ,·
1195 2152 1279 2216 saepe

186 2250 249 2316 pro
265 2230 348 2294 lueis
363 2238 530 2310 tempore;
547 2230 580 2291 2⁰
593 2247 704 2293 vocem
721 2247 853 2311 vespera,
871 2230 1055 2312 significare
1071 2233 1279 2299 tenebrarum

186 2333 336 2405 initium,
358 2342 412 2392 aut
429 2340 534 2393 totum
554 2330 761 2393 tenebrarum
779 2343 932 2413 tempus:
956 2351 1068 2396 vocem
1088 2352 1178 2396 mane
1197 2336 1281 2398 lucis
1377 2376 1378 2383 κ

186 2429 334 2496 initium.
1377 2492 1378 2499 ,

227 2531 302 2595 bib.
319 2529 442 2603 Potius,
460 2545 535 2590 nam
552 2527 823 2609 philosophicum
839 2529 1008 2610 negotium
1024 2532 1088 2595 hou
1104 2542 1162 2608 est,
1180 2554 1281 2615 expo·

188 2649 266 2694 nam
284 2629 426 2692 breviter>
442 2628 584 2691 rationes
604 2629 887 2708 praecipuasque
908 2646 968 2692 nos
989 2631 1137 2708 suadent,
1158 2645 1195 2696 nt
1210 2634 1284 2697 vul-

185 2746 299 2810 garem
313 2727 531 2791 mosaicorum
547 2725 677 2788 dierum
694 2724 998 2805 interpretationem
1014 2747 1225 2809 seponamus.

232 2827 264 2889 1·
278 2825 317 2888 Et
336 2844 370 2886 re
389 2823 521 2905 quidem
537 2841 612 2886 vera
630 2831 756 2904 poterat
775 2824 859 2887 Dens
879 2826 990 2888 omnia
1006 2844 1064 2906 per
1079 2845 1113 2890 se
1128 2847 1196 2892 uno
1211 2846 1284 2893 mo·

187 2936 302 2988 mento
328 2923 444 2998 lacere,
474 2931 598 3004 poterat
626 2940 760 3004 quoque
786 2941 844 3004 per
874 2924 942 2997 has,
970 2944 1052 3006 quas
1077 2928 1175 2991 rebus
1203 2946 1223 2991 a
1249 2949 1283 2992 se
1323 2936 1327 2944 ’

187 3024 333 3088 conditis
346 3019 478 3094 indidit,
493 3020 577 3082 uires
588 3038 626 3083 ae
641 3022 749 3101 leges:
768 3039 834 3085 nno
849 3031 904 3084 ant
919 3023 1022 3086 altero
1038 3028 1138 3089 modo
1153 3044 1285 3109 semper

189 3124 278 3187 Deus
288 3132 453 3209 operatur.
467 3119 621 3192 Quanam
631 3120 821 3200 igiturratio
833 3123 925 3184 reddi
935 3125 1285 3204 poterit,curmediam

188 3222 368 3302 qnamdam
388 3221 478 3282 ineo
497 3236 606 3281 rerum
624 3219 788 3300 principio
805 3221 915 3284 inierit
930 3222 1015 3285 viam
1029 3224 1043 3286 l
1058 3224 1117 3286 llla
1136 3226 1230 3289 omni
1248 3246 1285 3290 er

190 3330 296 3401 parte,
327 3336 461 3399 unoque
486 3317 618 3379 instanti
647 3318 790 3396 perlaeta
816 3322 950 3396 creatio,
979 3322 1020 3383 ad
1046 3324 1283 3388 ostendendam

190 3418 339 3481 diuinam
353 3417 531 3496 potentiam
547 3416 716 3496 aptissima
730 3427 814 3482 erat:
833 3418 902 3481 haee
920 3438 978 3500 per
992 3421 1157 3484 naturales
1170 3440 1285 3488 causas

222 3586 254 3642 n)
266 3570 299 3630 oi
311 3582 440 3630 aeneum
450 3581 484 3627 ue.
496 3582 549 3629 nn
559 3581 623 3628 tun
633 3579 700 3628 attur,

219 3660 254 3716 (2)
263 3660 290 3705 la
302 3658 324 3705 ll
334 3667 393 3703 tent.
408 3657 433 3702 ll.
443 3656 497 3703 xit.
509 3668 554 3702 art.
566 3657 596 3704 ll.

220 3736 256 3790 tbi
266 3733 331 3780 Sam.
343 3732 374 3777 tlt.
388 3745 402 3789 p
422 3730 440 3777 Ι.
452 3743 475 3789 q.
486 3731 594 3778 taxilli.
605 3736 650 3776 art.
662 3729 694 3777 ΙΙ.

223 3810 255 3865 (l)
271 3807 318 3854 Eas
336 3803 480 3865 hypotheses
492 3812 515 3849 et
532 3805 582 3851 hate
594 3810 739 3863 argumenta
753 3803 860 3862 reperies
875 3803 902 3850 in
918 3804 989 3851 docto
1009 3808 1128 3865 opusculo
1140 3806 1288 3857 eruditionis

190 3895 262 3943 aque
272 3893 300 3928 aa
312 3878 406 3940 pietatis
418 3877 630 3938 plenissimoqned
645 3878 676 3924 el.
688 3879 714 3925 P.
730 3879 768 3926 to.
785 3876 891 3937 Baptista
907 3878 1031 3927 Piaociani
1041 3881 1065 3928 S.
1079 3883 1101 3928 J.
1112 3881 1158 3929 hee
1168 3884 1199 3930 de
1212 3897 1289 3944 argu·

195 3965 279 4006 tuente
289 3953 371 4008 edidit,
383 3952 422 4000 cni
444 3951 546 3999 titulus:
563 3954 588 4000 tn
603 3952 725 3998 historiam
742 3953 870 4000 creationis
888 3954 1017 4001 mosaicum
1030 3960 1204 4005 commentatio.
1223 3960 1289 4006 Nea·

194 4028 400 4094 poli,1831,Cl.§
412 4028 437 4073 Υ.
450 4039 499 4086 sen.
510 4029 556 4082 att
567 4027 606 4075 tt.
616 4039 667 4086 seq.
