2792 4600
150 318 212 385 256
583 327 774 375 cosuouocn.

196 450 294 516 Proh.
318 448 433 530 major.
456 446 559 526 vNulla
574 443 720 508 materie
742 461 817 525 pars
832 440 987 522 assignari
1013 449 1132 522 posset,
1162 457 1235 520 quae

153 550 262 634 primo
274 547 408 611 instanti
420 546 620 614 celeritatem
633 544 804 623 reciperet,
817 541 942 604 ceteris
955 539 1073 652 delimo
1087 539 1239 620 pertibus

152 645 472 712 communicandam.
490 643 621 707 Materia
636 643 726 705 enim
741 651 789 704 est
804 641 875 703 sine
890 638 955 703 fine
970 637 1159 702 divrsibilis.

194 743 292 807 Proh.
310 744 430 806 minor.
446 743 478 805 l⁰
489 739 695 820 Principium
708 738 859 818 simplex,
873 755 947 800 cum
960 723 1069 799 veram
1081 736 1240 799 unitatem

152 849 285 905 extenso
309 841 541 912 communicet,
565 840 627 902 hcc
649 838 724 901 iacit
747 836 905 899 idoneum
927 847 962 899 ut
984 835 1083 899 unico
1104 834 1238 898 instanti

153 948 280 1004 motum
296 938 445 1018 recipiet,
462 946 616 1016 tanquam
633 952 734 996 unum
748 932 943 1013 subjectum.

195 1037 229 1101 2⁰
243 1039 300 1100 Vis
322 1037 442 1101 matrix
464 1044 512 1098 est
531 1035 699 1097 inextansa
722 1051 780 1114 per
801 1049 836 1094 se
851 1042 882 1095 et
904 1030 1109 1095 extensibilis
1133 1032 1241 1096 solum

156 1136 383 1218 peraccidens.
393 1134 477 1215 Ergo
486 1133 609 1195 directe
621 1141 654 1195 et
664 1132 772 1211 primo
781 1131 883 1211 recipi
893 1131 1120 1194 tantummodo
1133 1139 1242 1211 potest

156 1235 192 1298 iu
218 1235 376 1316 subjecto,
394 1234 483 1316 quod
506 1232 549 1294 sit
573 1232 779 1293 inextensum
802 1248 922 1312 perse,
946 1240 977 1293 et
999 1239 1168 1293 extensum
1184 1248 1242 1311 per

156 1335 319 1397 accidens.
334 1335 401 1397 Hoc
415 1341 523 1395 autem
539 1341 589 1392 est
603 1330 707 1393 forma
723 1329 958 1392 substantialis.

199 1429 372 1512 lddllesp,
390 1429 506 1493 Omitto
516 1428 681 1510 mojorem.-
696 1446 774 1509 nepo
788 1427 947 1490 minorem.

197 1528 247 1593 Ad
264 1527 359 1610 prob.
376 1528 490 1608 maior.
515 1528 600 1607 Nape
614 1526 818 1606 suppositam,
839 1526 929 1606 quod
951 1542 1070 1606 nempe
1086 1543 1187 1606 quum
1203 1524 1243 1586 de

157 1635 267 1694 atomo
279 1627 386 1708 agitur
397 1627 440 1690 sit
454 1624 649 1705 assignanda
662 1623 772 1702 aliqua
787 1640 871 1703 pers,
886 1641 959 1704 quae
972 1626 1084 1703 primo
1096 1623 1243 1686 celerita-

153 1733 225 1788 tem
248 1723 408 1805 recipiet;
424 1722 580 1804 quodque
602 1723 669 1783 sint
683 1731 802 1801 partes,
820 1719 942 1802 quibus
971 1731 1079 1784 motus
1094 1738 1243 1784 commu·

159 1823 264 1886 niceri
281 1823 410 1886 debeat.
429 1821 465 1884 ln
478 1810 639 1885 'continuo
653 1819 753 1882 uullae
767 1831 843 1882 suut
859 1828 965 1901 partes
980 1829 1054 1883 actu
1066 1820 1241 1896 distinctae

159 1920 300 2002 proinde
317 1920 408 1985 nulla
433 1928 571 2000 estpars
593 1936 667 2000 quaa
693 1918 800 1998 primo
822 1919 959 1999 recipiat
975 1927 1112 1995 motum,
1134 1918 1243 1981 nulla·
1265 1951 1268 1956 ·

161 2037 225 2100 que
241 2019 276 2083 lit
298 2037 316 2082 a
345 2027 435 2098 parte
450 2018 491 2079 ad
521 2029 645 2098 partem
673 2028 781 2081 motus
802 2018 1070 2093 communicatio,
1098 2017 1156 2080 sed
1179 2026 1248 2080 tota

160 2125 289 2181 atomus
314 2124 481 2180 momento
504 2114 702 2178 indivisibili
728 2115 1036 2179 determinationem
1064 2116 1183 2197 recipit
1204 2117 1245 2180 ad

160 2201 304 2279 motum.

205 2314 276 2378 106.
290 2314 338 2376 Ad
353 2316 391 2378 lm
405 2314 501 2395 prob.
516 2315 598 2376 min.
611 2313 696 2395 Nepa
710 2316 828 2376 iterum
839 2315 1029 2395 suppositum
1044 2314 1144 2390 idem,
1158 2314 1250 2397 quod

133 2408 142 2420 '
162 2419 329 2476 extensum
352 2412 559 2489 continuum,
583 2412 662 2493 quia
686 2412 750 2474 tale
771 2419 831 2486 est,
848 2412 890 2474 sit
911 2412 1049 2493 incapax
1065 2414 1249 2497 recipiendi

162 2511 262 2574 unico
278 2511 412 2573 instanti
429 2519 566 2574 motum.
585 2511 683 2591 Cujus
699 2513 746 2573 rei
762 2512 788 2573 si
806 2528 878 2574 vere
894 2511 1031 2593 incapax
1043 2525 1138 2589 esset,
1151 2533 1250 2596 cepa-

162 2611 292 2672 citatem
309 2608 394 2670 hanc
408 2626 425 2670 a
440 2609 607 2689 principio
622 2609 766 2689 simplici
785 2610 929 2688 recipere
952 2628 1018 2673 nou
1035 2622 1145 2692 posset
1160 2634 1168 2678 ι
1182 2631 1253 2685 uon

164 2709 254 2771 enim
266 2726 305 2769 ex
317 2724 356 2769 eo
368 2707 455 2788 quod
469 2707 673 2789 principium
685 2707 825 2788 simplex
837 2712 1066 2784 exterminet,
1080 2719 1253 2776 extensum

71 2842 78 2852 ·
165 2806 202 2869 iit
217 2806 434 2871 inextensum.
450 2806 595 2872 Aliunde
610 2823 698 2881 vero,
712 2823 778 2868 non
792 2807 993 2888 principium
1008 2810 1091 2872 illud
1110 2812 1254 2892 simplex

165 2914 291 2969 motum
303 2906 474 2987 reciperet,
484 2906 539 2968 sed
552 2905 661 2987 ipsum
669 2915 850 2968 extensum.
860 2906 894 2970 Si
908 2924 972 2987 qua
981 2908 1081 2988 igitur
1093 2928 1132 2973 ex
1143 2921 1255 2975 motus

164 3002 464 3067 communicatione
499 3013 686 3084 exsurgeret
711 3002 897 3077 difficultas,
923 3007 992 3067 lroec
1017 3005 1052 3068 in
1077 3009 1254 3091 hypothesi

166 3117 299 3184 quoque
316 3100 577 3164 adversariorum
595 3100 719 3181 integre
736 3112 953 3181 permaneret.

206 3200 255 3263 Ad
275 3202 316 3265 Ψ
336 3200 452 3264 Oniitto
481 3208 563 3276 ont,
580 3209 613 3262 et
641 3196 951 3263 animadverterim
976 3203 1161 3281 motricem,
1184 3207 1256 3269 sive

168 3301 237 3363 haec
253 3318 312 3380 per
329 3317 376 3373 se,
399 3299 467 3361 sive
482 3315 541 3379 per
566 3297 718 3360 accidens
740 3308 870 3360 extensa
891 3299 944 3374 sit,
961 3299 989 3360 si
1008 3302 1054 3372 vis
1074 3304 1256 3368 materialis

168 3408 227 3470 est,
252 3415 321 3458 esse
336 3407 422 3459 certe
437 3396 602 3459 emensam
625 3396 818 3461 formaliter.

209 3496 294 3575 Nepo
308 3494 564 3574 consequentiam,
590 3494 689 3575 idque
703 3513 741 3556 ex
759 3495 911 3576 pluribus
924 3496 1100 3576 capitibus.

211 3589 410 3663 lauronia
425 3592 537 3673 inipsa
551 3592 813 3656 adversariorum
822 3595 1092 3674 opinionelorma
1101 3598 1256 3664 substan·

170 3690 268 3766 tialis,
281 3701 412 3772 quaeest
428 3691 596 3754 inextensa
614 3709 672 3773 per
687 3709 733 3767 se,
751 3692 909 3773 recipitur
929 3693 962 3754 in
976 3695 1110 3758 materia
1122 3710 1260 3777 quaeest

171 3802 300 3856 extensa
322 3807 381 3871 per
404 3809 451 3854 se.
467 3792 506 3856 m
522 3790 643 3865 anima,
660 3809 733 3870 quae
753 3790 847 3853 nullo
871 3792 975 3865 modo,
985 3803 1033 3854 est
1055 3805 1197 3872 extensa,
1219 3803 1258 3862 iu

172 3904 310 3970 corpore
331 3895 465 3954 extenso
480 3888 652 3968 recipitur.
667 3888 904 3967 Argumentum
921 3889 1021 3970 igitur
1043 3891 1125 3956 salso
1140 3896 1262 3961 nititur

172 4002 351 4069 pllssclploe
