2792 4600
474 388 560 434 stoan
582 389 702 448 aarum,
727 367 818 437 csnur
840 393 872 437 n.
1161 374 1221 438 tta
1318 406 1322 412 ·

131 501 224 564 ribus
240 501 332 574 meis,
351 501 376 562 si
394 500 434 563 de
451 501 511 563 bac
534 503 706 583 hypothesi
724 506 809 567 nihil
833 507 988 581 dicerem,
1006 516 1071 582 aut,
1089 516 1124 569 ut
1148 525 1219 587 pas·

128 601 194 663 sim
207 599 277 663 lieri
301 599 435 675 solebat,
460 613 649 683 contemptu
673 603 763 666 illam
787 614 883 686 atque
894 606 1127 668 scommatibus
1142 606 1221 669 satis

65 747 69 751 .
130 698 238 761 relelli
253 715 349 778 posse
366 709 527 778 putarem.
608 763 609 766 ,

170 797 225 864 tte.
249 796 428 862 Psorosnro
446 798 470 862 l.
489 798 750 864 scholasticorum
764 801 886 864 theorice
900 803 935 864 dc
948 822 1109 885 corporum
1129 806 1219 885 pric-

128 895 220 977 cipiis
232 895 339 958 merito
354 914 373 956 c
387 897 603 959 recentioribus
617 897 815 978 rejiciuntur.

171 993 322 1075 lntellige
337 995 506 1075 inprimis
522 996 602 1078 quid
620 1009 795 1060 asseratur.
861 1072 868 1086 ι

170 1091 204 1156 i⁰
214 1092 354 1156 Mater-ie
367 1112 403 1156 ac
418 1094 531 1157 formae
543 1096 699 1158 vocabula
713 1096 891 1176 dupliciter
904 1096 1042 1176 intelligi
1058 1106 1210 1177 possunt:

128 1190 173 1270 1⁰)
186 1191 441 1259 indeterminate:
465 1212 531 1274 quo
555 1202 648 1274 pacto
671 1196 807 1256 materia
829 1202 877 1256 est
899 1194 930 1255 id
948 1195 1037 1275 quod
1054 1197 1088 1257 in
1102 1213 1219 1274 corpo·

127 1307 202 1353 rum
218 1291 489 1381 conversio-nibus
514 1302 692 1371 permanet,
717 1303 748 1353 et
763 1291 866 1356 forma
888 1292 1011 1373 aliquid
1028 1310 1094 1373 qno
1111 1293 1218 1373 posito

127 1388 165 1451 fit
193 1390 291 1452 unius
316 1389 467 1470 corporis
497 1389 529 1451 in
560 1389 650 1452 aliud
686 1392 823 1454 mutatio
840 1390 1217 1472 (ahilujusmodiautem

92 1501 94 1508 ‘
126 1488 264 1552 materie
287 1495 318 1550 et
341 1488 529 1565 hujusmodi
545 1486 649 1550 forma
673 1506 739 1551 non
758 1488 857 1549 modo
874 1490 1007 1551 hicnon
1024 1489 1217 1568 impugnan-
1253 1519 1256 1529 .

125 1596 193 1659 tur,
207 1587 264 1649 sed
282 1605 387 1668 neque
404 1586 590 1666 impugnari
605 1597 752 1667 possunt,
767 1587 851 1648 atah
865 1588 1169 1663 omnihusscholis,
1187 1596 1218 1649 et

126 1684 163 1748 in
187 1684 278 1747 omni
295 1693 465 1764 systemate
487 1701 617 1765 semper
631 1684 782 1745 admissae
798 1694 884 1747 sunt.
909 1684 1042 1746 Nullum
1060 1686 1148 1745 enim
1171 1694 1218 1747 est

126 1793 278 1865 systema,
301 1783 399 1864 ,quod
428 1782 468 1844 ad
499 1801 676 1863 corporum
707 1792 855 1846 naturam
893 1783 1120 1863 explicandam
1151 1800 1216 1845 non
1300 1813 1302 1819 .

127 1892 228 1966 ponat
241 1883 275 1945 in
303 1882 500 1963 corporibus
515 1892 545 1943 et
561 1882 687 1962 aliquid
720 1882 809 1962 quod
841 1893 1021 1963 permanet,
1046 1892 1076 1943 et
1092 1881 1217 1964 aliquid

129 1981 218 2065 quod
236 1992 403 2056 mutatum
426 1980 707 2060 'quemadmodum
731 1999 760 2042 v.
776 1998 823 2061 gr.
842 1981 876 2042 in
894 1990 1066 2060 systemate
1078 1984 1219 2046 atomico

127 2088 323 2163 permanent
352 2081 465 2151 atomi,
497 2097 569 2158 quae
597 2089 674 2141 sunt
705 2080 851 2154 materia,
882 2098 919 2141 ac
939 2092 1081 2141 mutatur
1108 2100 1219 2144 earum

127 2178 320 2261 dispositio,
338 2179 492 2259 qualitas,
518 2195 686 2253 numerus,
710 2197 782 2260 quae
798 2180 910 2241 omnia
932 2182 1136 2257 constituunt
1150 2199 1222 2243 cor·

128 2278 222 2362 poris
239 2277 388 2343 sormam.
414 2277 505 2351 Unde
521 2277 564 2358 2⁰)
582 2280 725 2342 materiae
737 2298 774 2341 ac
788 2278 899 2342 formae
913 2278 1068 2342 vocabula
1084 2290 1221 2360 possunt

129 2377 271 2459 intelligi
292 2377 487 2459 determinate
505 2378 593 2456 juxta
615 2368 1013 2457 varias'phitosuphorum
1037 2378 1216 2444 doctrinas.

131 2476 200 2540 Iloc
213 2475 322 2556 itaque
348 2476 421 2537 loco
451 2476 594 2538 materiae
617 2495 654 2537 ac
677 2476 790 2538 formae
811 2477 945 2539 nomine
974 2476 1122 2555 intelligo
1145 2495 1220 2539 cum

131 2573 339 2636 scholasticis
365 2573 445 2634 duas
468 2573 629 2635 realitates
649 2574 829 2647 distinctas,
856 2575 1002 2654 duasque
1024 2561 1222 2637 substautias

133 2672 359 2753 incompletas,
391 2689 531 2752 quarum
560 2671 659 2734 altera
687 2673 730 2733 sit
754 2674 904 2752 corporis
934 2672 1090 2752 potentia,
1118 2672 1219 2734 altera

133 2780 224 2835 actus
239 2772 339 2835 modo
354 2789 452 2852 supra
468 2771 629 2851 explicato
642 2770 683 2849 (t,
702 2777 798 2852 serp).

175 2873 209 2935 2⁰
231 2870 392 2951 Equidem
416 2888 482 2931 non
505 2870 593 2946 dico,
617 2870 845 2932 scholasticam
869 2871 1030 2933 theoriam
1047 2870 1223 2934 absurdam

139 2971 218 3044 esse,
236 2978 290 3033 aut
306 2969 374 3032 risu
398 2969 542 3049 dignam.
565 2969 751 3033 Absurdam
775 2987 840 3033 non
857 2969 1032 3050 dico,tyuia
1056 2970 1087 3031 id
1111 2988 1223 3032 verum

137 3087 203 3133 non
221 3078 299 3150 puto
317 3087 324 3132 :
343 3071 410 3132 risu
422 3068 555 3148 dignam
579 3069 690 3139 dicere
705 3068 881 3142 abhorreo,
907 3077 1041 3149 propter
1063 3069 1225 3149 sapientes

137 3167 248 3249 quiea
271 3167 321 3229 usi
351 3177 438 3237 sunt,
466 3166 545 3228 dum
558 3204 562 3211 .
575 3166 632 3227 illa
662 3177 745 3227 esset
774 3168 970 3229 communis.
989 3166 1101 3247 Neque
1114 3185 1224 3228 neces·

137 3267 259 3330 sarium
281 3274 382 3328 estut
404 3264 564 3327 theoriam
587 3266 681 3326 istam
708 3265 884 3327 absurdam
906 3264 1066 3328 dicamus.
1090 3265 1225 3344 Agimus

137 3365 227 3428 enirn
250 3364 291 3426 de
313 3364 486 3445 hypothesi
508 3364 548 3425 ad
569 3381 747 3444 corporum
770 3364 1038 3426 constitutionem
1059 3364 1225 3447 explican-

138 3464 212 3526 dam
230 3465 367 3526 inreota.
388 3463 435 3525 sd
459 3462 603 3543 aliquam
633 3473 741 3524 autem
770 3463 977 3543 hypothesim
1001 3462 1224 3540 rejiciendam,

138 3562 285 3646 prolecto
302 3579 433 3624 necesse
448 3578 513 3623 non
530 3569 589 3636 est,
607 3570 642 3622 ut
658 3577 696 3621 ca
711 3561 902 3623 ostendatur
918 3561 1117 3622 intrinsecus
1129 3578 1224 3639 repu-

139 3679 255 3742 gnans.
280 3661 348 3725 lloc
363 3660 466 3721 unum
491 3662 603 3738 itaque
625 3659 880 3732 contendimus;
906 3658 1114 3736 hypothesim
1132 3659 1226 3721 scho-

138 3758 300 3834 lasticam,
330 3776 403 3839 quae
423 3775 441 3819 a
461 3756 702 3818 recentioribus
721 3756 847 3835 jamdiu
873 3757 991 3834 rejecta
1009 3765 1067 3830 est,
1092 3765 1122 3818 et
1138 3774 1227 3819 com·

138 3857 335 3923 munissime
347 3856 506 3939 rejicitur,
516 3856 634 3918 merito
647 3855 751 3935 reiici,
765 3872 825 3916 nec
839 3855 958 3916 iterum
970 3854 1229 3935 amplectendam

139 3975 221 4020 esse.

185 4059 235 4122 oo.
254 4058 351 4122 Proh.
369 4057 393 4121 l.
411 4056 547 4119 Etiamsi
574 4074 646 4137 quae
662 4056 703 4119 de
727 4056 832 4135 prima
848 4055 982 4118 materia
997 4053 1230 4118 ascholasticis
