2792 4600
22 515 24 526 ’
280 457 554 637 LIBER
617 535 1079 658 QUARTUS.

437 877 470 941 nr
489 899 605 941 narone
624 898 726 942 onnrnn
745 899 779 943 no
798 900 924 944 sueinus.

259 841 270 872 b

522 1069 525 1076 ⁴
579 1057 742 1104 ARTICULUS
763 1060 787 1106 1.

449 1167 467 1206 “
595 1174 635 1235 De
645 1183 774 1240 natura.

177 1304 249 1368 tot.
265 1303 433 1385 Multiplex
453 1306 550 1385 hujus
567 1306 655 1368 voois
673 1313 791 1369 notura
805 1306 1000 1385 significatio
1017 1319 1075 1370 est.
1092 1307 1231 1372 Omissis

138 1419 237 1481 porro
253 1401 294 1464 iis
311 1401 649 1484 interpretationibus,
666 1423 739 1485 quae
756 1404 946 1467 immediate
961 1424 999 1467 ex
1018 1407 1105 1469 vocis
1121 1416 1230 1489 etymo

139 1500 599 1582 derivantur,praeoipuae1'us
623 1502 832 1582 significatio,
858 1513 894 1565 ut
912 1504 1060 1584 apposite
1081 1506 1231 1569 animad-

139 1599 234 1664 vertit
261 1600 431 1665 Suaresius
453 1604 501 1679 (1),
523 1601 612 1664 etad
633 1620 732 1682 quam
748 1610 871 1665 caeterae
887 1603 1099 1677 reducuntur,
1118 1624 1155 1667 ea
1183 1614 1233 1669 est

140 1716 204 1779 qua
220 1698 476 1762 substantiarum
496 1701 650 1763 essentias
671 1701 876 1763 denotamus.
901 1703 1097 1766 benotamus
1122 1714 1231 1769 autem

142 1800 202 1860 bae
218 1816 297 1862 vose
314 1799 487 1862 essentiam
503 1799 701 1881 dupliciter:
721 1800 753 1861 1⁰
770 1800 980 1880 posmodum
1003 1801 1115 1864 iormae
1132 1814 1232 1866 meta-

142 1899 283 1979 physioae
307 1898 490 1980 subjeetum
519 1899 748 1962 constituentis
765 1898 799 1960 in
815 1899 1151 1981 certaaiiquaspeoie
1180 1902 1231 1980 (0.

141 1997 231 2075 507);
247 1998 281 2061 2⁰
306 2016 380 2078 quaa
401 1998 597 2079 significatio
612 2007 661 2061 est
678 1997 776 2079 hujus
798 1997 888 2061 vonis
914 2000 1054 2061 maxime
1084 2000 1231 2081 propria,

57 2145 60 2149 Δ
143 2096 252 2175 pronti
266 2100 405 2160 essentia
420 2109 468 2160 est
475 2098 668 2179 principium
680 2098 836 2159 internum
844 2097 982 2177 primvm
997 2108 1024 2160 et
1038 2098 1234 2181 adaequatum

142 2195 356 2275 operationum
374 2197 610 2277 passionumque
623 2195 809 2257 substantioe.
833 2194 1021 2257 Secundum
1038 2196 1100 2259 boo
1116 2211 1234 2260 natura

44 2316 47 2321 ’
144 2288 285 2357 describi
303 2294 397 2372 solet,
420 2302 456 2357 ut
477 2293 556 2356 alibi
579 2293 831 2373 memoravimus
854 2291 902 2371 (0.
921 2292 990 2372 72);
1010 2294 1140 2357 entisod
1153 2287 1235 2360 certo

143 2394 275 2472 quodam
289 2394 377 2455 modo
392 2393 579 2473 operandum
594 2392 753 2472 dispositio
768 2400 856 2472 utque
871 2392 1036 2454 tendentia.

183 2489 257 2555 ton.
275 2491 504 2554 Animadverte
520 2508 619 2570 porro
636 2490 667 2551 1⁰
683 2497 832 2552 naturam
856 2489 990 2571 proprie
1012 2491 1145 2554 attribui
1161 2480 1233 2555 snbe

94 2640 98 2649 .
143 2592 276 2665 stanteis,
304 2601 341 2653 ut
366 2590 520 2665 diximus,
535 2607 600 2651 non
616 2607 692 2651 vero
708 2589 963 2651 substantiarum
995 2589 1113 2653 modis.
1145 2589 1231 2654 ttodt

144 2689 253 2765 potius
268 2687 422 2752 dicuntur
437 2707 506 2750 esse
522 2686 703 2751 seeundum
719 2695 879 2761 naturam,
897 2695 950 2749 aut
963 2695 1080 2767 praeter
1092 2686 1140 2750 vel
1156 2706 1235 2751 oon·
1342 2698 1349 2705 '

143 2798 190 2848 tra
206 2795 367 2851 naturam.

186 2885 219 2946 ΞΟ
246 2884 401 2947 Naturam
424 2902 496 2946 esse
512 2883 713 2965 principium
739 2884 895 2944 internum
910 2885 1126 2945 mutationum
1153 2886 1233 2948 sub·

146 2984 283 3060 stantia,
301 3000 420 3062 nempe
450 3001 489 3044 ex
518 2982 599 3062 ipsis
628 2982 698 3061 eius
725 2979 943 3044 constitutivis
974 2981 1146 3059 resudans,
1165 3001 1233 3048 non

32 3064 36 3075 ἰ
146 3082 346 3145 adscititium
359 3091 390 3144 et
402 3100 440 3144 ex
450 3080 611 3143 accidenti
629 3081 690 3160 ipsi
706 3079 880 3154 inherens,
892 3088 927 3140 ut
942 3090 990 3141 est
1005 3083 1234 3162 v.·gr.·prinoi·

147 3183 350 3262 piummotus
377 3178 558 3242 artificialis
584 3181 618 3240 in
647 3177 831 3258 horologio.
855 3177 916 3239 Per
946 3177 1009 3240 boo
1033 3187 1142 3239 tamen
1166 3197 1234 3243 non

146 3278 331 3343 excluditur
339 3279 541 3360 principium
557 3286 739 3350 externum,
751 3294 808 3338 seu
825 3275 1235 3339 determinatioabextrin-

87 3402 90 3412 ·
145 3398 220 3441 seeo
235 3390 376 3459 accepta,
390 3378 462 3438 sine
477 3394 541 3456 qua
556 3374 705 3456 quaedam
722 3373 911 3437 substantiae
935 3373 1053 3435 mutari
1075 3391 1142 3437 non
1159 3394 1236 3457 pos·

147 3487 235 3540 sunt.
265 3477 327 3542 Sed
344 3477 413 3539 baeo
431 3493 564 3557 quoque
579 3474 780 3551 substantiae,
806 3484 938 3536 externa
961 3472 1237 3539 determinatione

148 3589 290 3658 accepta,
300 3577 520 3639 diversimode
531 3583 631 3656 agunt
642 3592 680 3636 ao
693 3573 873 3655 patiuntur,
884 3572 911 3634 si
925 3572 1052 3635 div-ersa
1067 3573 1110 3635 sit
1122 3591 1237 3638 earum
1271 3624 1275 3630 ,

147 3687 274 3740 natura.
717 3682 725 3692 ⁴

186 3776 221 3838 5⁰
236 3777 297 3839 Per
311 3774 373 3835 boe
388 3770 476 3854 quod
487 3780 600 3833 natura
611 3769 734 3832 dicitur
743 3767 878 3850 primm
896 3777 926 3830 et
938 3768 1130 3847 adaquatum
1145 3768 1238 3850 prin·

148 3873 285 3954 oipium,
316 3870 530 3952 distinguitur
547 3868 728 3932 tumasuis
753 3867 908 3949 potentiis
925 3884 982 3928 seu
1013 3865 1236 3946 facultatibus,
1267 3854 1270 3858 ⁴
1330 3906 1334 3916 ·

101 3994 103 3997 ’
180 3998 612 4078 mmmmmmi

294 4109 505 4162 INSTITUTIONES,
525 4108 584 4149 ETC.
606 4108 637 4148 ll·
1061 4105 1087 4143 Π
