2792 4600
395 290 481 334 LlBEll
503 290 664 347 SECUNDUS,
688 289 780 335 CAPUT
802 289 835 334 11.

481 428 486 437 '
512 437 679 483 narremus
703 439 733 483 v.

283 556 525 637 Ue'qnulitotnne
539 555 711 617 intensione
726 573 762 616 oc
775 554 960 619 remissione.

141 689 199 756 196.
221 687 255 749 ln
277 687 368 750 omni
396 687 541 749 realitate
571 705 643 766 quae
673 686 866 749 incrementi
898 696 929 748 et
966 686 1168 752 decrementi

110 808 187 871 capax
201 795 255 859 est,
266 786 504 847 incrementum
519 787 581 847 hoc
596 793 652 846 aut
668 784 913 846 decrementum
930 784 1052 865 triplici
1064 796 1175 868 potest

110 887 188 953 modo
215 903 247 945 se
276 884 521 960 hahere„jurta
545 883 802 962 pulcherrimam
831 881 864 943 S.
887 881 1021 945 Thomae
1049 885 1173 947 doctri-

111 988 224 1062 namin).

140 1082 338 1146 l⁰Secnndum
352 1082 455 1162 ipson¹
465 1082 634 1142 reolitotnn
646 1097 701 1159 ,sen
715 1081 847 1158 formum
855 1103 866 1156 ‚·
881 1079 1084 1143 ut'videlicet
1103 1081 1175 1161 ipsa

110 1188 193 1248 forma
208 1183 240 1242 in
256 1198 289 1241 se
306 1180 375 1260 ipsa
406 1181 582 1260 perfectior
610 1181 653 1241 sit
668 1181 715 1242 vel
734 1179 969 1259 imperfectior.
984 1180 1052 1241 lloc
1079 1189 1175 1259 pacto

109 1291 221 1363 augetur
231 1279 367 1342 scientia
377 1279 672 1359 v.gr.geometrice,
687 1279 721 1340 in
735 1297 773 1340 eo
786 1279 841 1358 qui
856 1278 991 1359 aliquod
1006 1279 1176 1341 theorema

109 1380 319 1462 geometricum
332 1377 484 1452 addiscit,
499 1378 588 1458 quod
604 1389 697 1441 antea
714 1376 896 1458 ignorabat.

139 1479 165 1543 2⁰
177 1478 348 1541 Secundnrn
360 1477 629 1558 perticipationem
642 1475 783 1555 subjecti3
794 1493 896 1556 quum
909 1492 1027 1556 nempe
1044 1476 1177 1538 realitas

109 1579 197 1657 aliqua
212 1577 314 1656 magis
330 1576 378 1638 vel
395 1577 505 1638 minus
521 1576 673 1638 educitur
688 1574 728 1635 de
744 1574 889 1655 potentia
904 1573 1177 1654 subjecti,subje-

109 1691 239 1755 utumque
261 1674 433 1763 reducitur
458 1675 492 1737 in
521 1682 628 1736 actum
656 1673 758 1736 illius.
788 1674 834 1736 lta
850 1690 1001 1734 assensus
1016 1691 1045 1734 v.
1060 1691 1108 1753 gr.
1128 1680 1179 1734 est

110 1792 219 1845 assensu
235 1773 411 1848 intensior,
429 1773 473 1834 ita
490 1790 622 1853 quoque
635 1772 785 1845 scientia,
800 1770 982 1834 secundum
999 1789 1032 1831 se
1049 1771 1177 1844 eadem,

110 1882 222 1954 augetur
237 1873 270 1933 in
288 1891 340 1946 eo,
358 1872 415 1952 qui
433 1872 619 1952 expeditius
638 1889 675 1932 ac
691 1872 874 1950 promptius
887 1870 1082 1932 scientificas
1098 1888 1179 1932 con·

110 1972 250 2034 elusiones
263 1970 391 2033 recolit.

139 2067 342 2131 asinodam
353 2085 526 2142 nnmerum·
539 2085 658 2147 nempe
674 2067 855 2128 secundum
873 2067 1093 2146 pluralitatem
1102 2067 1180 2129 suh-

49 2238 50 2259 χ
76 2172 78 2178 ’
107 2167 254 2246 intorem,
269 2184 344 2246 quae
360 2173 480 2227 certam
500 2164 640 2227 formam
658 2164 968 2246 participant.Quod
982 2165 1178 2227 incrementi

49 2266 50 2346 3
108 2282 190 2345 genus
206 2264 345 2328 habetur
360 2261 548 2343 dupliciter,
565 2281 682 2344 nempe
697 2264 747 2324 vel
762 2281 863 2343 quum
879 2262 1025 2342 subjecto
1038 2262 1178 2328 formam

107 2363 231 2443 aliquam
248 2362 383 2424 habenti
412 2361 503 2421 aliud
529 2362 637 2423 simile
667 2360 850 2442 subjectum
866 2362 1002 2437 accedit,
1023 2370 1057 2423 ut
1075 2380 1180 2442 quum

107 2463 218 2541 corpori
235 2461 404 2522 luminoso
430 2458 520 2520 aliud
547 2476 667 2539 corpus
683 2458 887 2521 luminosum
904 2459 1111 2539 adjungitur3
1128 2462 1179 2522 vel

108 2578 193 2641 quum
208 2560 402 2638 aliquapars
419 2559 517 2618 unius
533 2557 748 2638 ejusdemque
764 2557 900 2638 subjecti
919 2559 1069 2634 formam,
1079 2576 1178 2639 quam

108 2662 184 2738 prius
204 2676 269 2720 non
299 2657 451 2732 habehat,
471 2657 601 2735 recipit,
619 2656 898 2737 quemadmodum
912 2659 1001 2720 calor
1014 2658 1131 2721 crescit
1143 2657 1179 2720 in

109 2759 224 2819 homine
239 2755 404 2835 serpendo
421 2773 480 2834 per
495 2754 653 2829 membra,
667 2773 741 2835 quae
755 2756 845 2835 prius
857 2743 1030 2835 lugebant.

139 2854 203 2918 197.
220 2855 253 2918 Si
267 2853 415 2935 primum
442 2851 577 2913 modum
607 2852 801 2914 incrementi
822 2852 926 2914 forma
942 2853 1092 2934 accipiat,
1109 2854 1181 2935 ipsa

108 2954 196 3015 forma
210 2951 333 3014 dicitur
360 2950 461 3030 major
474 2952 524 3011 vel
546 2952 649 3011 minor
666 2967 676 3008 .·
692 2951 719 3012 si
733 2952 925 3028 secundum,
943 2954 1052 3033 ipsum
1069 2953 1181 3032 subJe-

49 3045 50 3054 ²
107 3061 180 3114 ctum
208 3051 332 3112 dicitur
361 3052 462 3129 osopio
487 3049 536 3110 vel
566 3051 670 3111 minna
697 3050 803 3112 sciens
816 3070 845 3113 v.
863 3070 911 3130 gr.
929 3061 984 3114 aut
999 3072 1110 3115 amans
1123 3063 1181 3117 aut

49 3141 50 3198 ἶ
107 3147 186 3211 lonis
200 3158 261 3213 etc.
281 3148 331 3210 :si
357 3147 504 3220 tertium,
525 3150 656 3226 proprie
680 3148 723 3207 ita
746 3148 948 3228 loquendum
962 3160 1045 3211 esset
1062 3168 1068 3214 :
1085 3152 1182 3231 pluro

106 3246 145 3307 vel
157 3249 305 3327 pauciora
330 3263 400 3307 esse
423 3244 567 3324 subjecta
594 3246 768 3320 luminosa,
794 3247 911 3321 calida,
929 3256 1008 3324 etc.;
1025 3249 1074 3311 vel
1091 3250 1180 3313 idem
1199 3305 1200 3308 ,

108 3344 273 3421 subjectum
293 3342 460 3404 secundnm
472 3342 568 3421 plura
583 3342 631 3402 vel
645 3343 798 3422 pauciora
814 3344 957 3405 calidum
972 3364 1041 3408 esse
1056 3358 1111 3409 aut
1124 3348 1184 3409 fri·

107 3442 217 3521 gitium,
234 3459 353 3521 nempe
369 3440 550 3502 secundum
566 3441 678 3521 plures
695 3442 744 3504 vel
760 3443 930 3521 panciores
944 3462 1063 3523 partes.

49 3547 50 3552 ’
142 3539 207 3604 198.
223 3540 410 3601 Videndum
433 3557 521 3601 nunc
552 3557 702 3618 quaenam
725 3541 790 3602 sint
803 3541 964 3606 realitates
980 3562 1036 3605 seu
1053 3543 1181 3619 fcrmae,

49 3683 50 3714 3
107 3656 168 3717 que
182 3655 247 3702 uno
263 3640 310 3700 vel
327 3638 430 3701 altero
445 3638 543 3701 modo
559 3639 752 3701 incrementi
767 3640 815 3701 vel
833 3642 1031 3704 decrementi
1046 3647 1183 3723 capaces

76 3775 83 3789 .
107 3736 247 3799 existunt.

49 3887 50 3900 .
140 3836 247 3914 ltaque
263 3837 294 3897 1⁰
306 3833 531 3897 lormaomnis
543 3852 615 3915 quae
632 3835 815 3918 secundum
830 3836 983 3918 seipsam,
995 3847 1025 3900 et
1041 3856 1107 3900 non
1122 3859 1183 3920 per

131 3980 159 4035 (U
172 3980 261 4027 Summ.
272 3979 303 4025 th.
314 3981 336 4025 l.
347 3980 370 4027 2.
382 3995 405 4039 p.
415 3992 438 4039 q.
451 3980 501 4028 hll.
512 3989 556 4026 art.
569 3980 588 4030 1.
600 4005 627 4015 -
637 3982 660 4028 Ξ.
669 3982 692 4027 2
704 3995 726 4041 p.
738 3994 761 4040 q.
772 3982 860 4032 xxlv.
871 3996 894 4030 a.
906 3984 934 4031 V.

243 4075 453 4129 rnsrt‘rurlohns,
473 4074 532 4117 ETU.
554 4076 585 4116 11.
1017 4079 1032 4119 U
