2792 4600
176 366 238 428 all
268 377 278 393 ⁸
309 423 311 428 ,
610 384 804 430 cosnonocu.

171 498 410 574 asserebantur,
437 498 612 562 mitissime
632 499 855 579 intelligamus
877 516 953 561 cum
970 499 1080 574 Scoto,
1108 498 1264 565 Suaresio

170 594 323 676 aliisque,
342 606 377 659 ut
392 614 511 677 nempe
526 598 661 660 materia
678 598 721 659 ita
735 616 815 677 pure
833 597 974 675 potentia
991 596 1131 673 dicatur,
1155 608 1191 662 ut
1213 607 1264 662 ta·'

170 695 427 775 menpropriam
441 696 615 758 essentiam
628 704 659 758 et
671 695 875 758 existentiam
890 695 953 776 sjbi
967 694 1122 771 vindicet,
1137 697 1264 762 nihiloss

169 791 281 855 minus
296 811 369 874 quae
384 795 425 857 de
440 794 544 857 lorma
556 812 734 876 corporum
750 793 955 857 substantiali
974 794 1159 873 traduntur,
1178 799 1264 860 reci·

86 899 110 917 ⁴·
175 909 253 971 pere
267 909 334 955 non
350 883 538 974 possumus.

211 990 244 1051 Si
262 990 351 1052 enim
367 990 590 1054 substantialis
607 990 676 1054 haec
689 992 793 1055 lorma
814 999 899 1054 esset
923 993 1120 1074 compositio
1133 1003 1165 1057 et
1179 995 1262 1059 ordo

135 1125 146 1141 .,
168 1089 325 1169 partium,
353 1099 389 1152 ut
417 1102 464 1153 est
490 1089 595 1154 forma
616 1108 753 1172 operum
780 1089 1015 1171 artificialium,
1038 1101 1094 1155 aut
1119 1094 1260 1183 qualitas

165 1189 350 1270 modusque
362 1188 562 1265 substantiae,
577 1198 612 1252 ut
624 1199 699 1252 sunt
712 1189 1113 1272 accidentalescorporum
1130 1194 1259 1270 lormae,

168 1287 264 1350 facile
280 1288 517 1369 intelligeretur
533 1289 611 1369 quid
628 1289 674 1351 rei
693 1289 750 1350 illa
763 1297 858 1361 esset,
876 1300 907 1351 et
918 1290 1087 1370 quomodo
1104 1311 1143 1354 ex
1161 1291 1262 1355 mate·

169 1388 218 1449 ria
247 1385 342 1450 educi
368 1395 488 1469 posset.
519 1391 560 1453 At
583 1385 673 1468 juxta
699 1387 911 1452 scholasticos
941 1388 1047 1454 forma
1080 1408 1259 1473 corporum

168 1484 391 1547 substantialis
403 1485 535 1548 realiter
547 1495 577 1548 et
589 1486 782 1567 adaeqnatea
792 1486 925 1550 materia
939 1486 1165 1569 distinguitur,
1179 1490 1261 1553 edu·

166 1583 254 1645 citur
270 1594 376 1645 tamen
391 1578 511 1661 ex'illa,
530 1594 561 1647 et
576 1602 642 1646 tion
656 1584 691 1645 ht
716 1605 754 1646 ex
763 1573 891 1649 nihilo.
908 1586 977 1649 lam
995 1587 1029 1648 in
1047 1588 1137 1650 hisce
1154 1606 1264 1652 asser··

168 1683 207 1744 tis
231 1681 326 1763 plura
354 1691 430 1744 sunt
455 1675 527 1763 qum
553 1693 640 1746 certe
667 1701 733 1746 non
758 1684 859 1745 levem
879 1683 1104 1748 difficultatem
1122 1686 1257 1750 habent.

167 1782 239 1860 lpse
255 1780 426 1843 Suaresius
438 1781 565 1857 latetur,
583 1782 618 1844 in
635 1782 686 1843 his
703 1781 907 1862 explicandis
922 1784 1034 1846 multos
1048 1785 1188 1848 laborare
1205 1790 1255 1866 (t).

167 1878 202 1941 Si
220 1874 319 1959 igitur
334 1879 416 1942 adeo
446 1881 576 1944 difficile
594 1880 656 1943 l'uit
673 1881 754 1961 ipsis
773 1882 980 1944 scholasticis
1004 1891 1145 1947 statuere
1173 1885 1255 1967 quid
1315 1955 1322 1959 ⁵

167 1995 204 2039 ea
219 1977 317 2040 verba
329 1979 561 2060 significarent,
594 1998 661 2043 non
679 1982 800 2042 mirum
816 1981 842 2041 si
861 1981 958 2043 nobis
974 1982 1108 2047 difficile
1123 1994 1172 2047 est
1186 2002 1261 2048 rem

167 2077 209 2139 iis
235 2077 343 2140 verbis
372 2096 557 2160 expressam
580 2079 873 2159 comprehendere.
904 2080 997 2144 Certe
1018 2083 1181 2165 quidquid
1211 2085 1254 2147 sit

165 2175 307 2239 odorlico
320 2177 439 2239 iltaaut
453 2179 601 2259 receptiva
617 2179 761 2242 materiae
777 2180 934 2260 potentia,
953 2199 1019 2244 non
1036 2180 1132 2245 facile
1148 2182 1254 2263 expli·

165 2274 296 2338 cabitur
310 2275 478 2357 quomodo
494 2295 557 2354 res,
572 2299 645 2361 quae
658 2269 730 2350 actu
748 2278 781 2341 in
799 2280 933 2344 materia
952 2300 1018 2344 non
1035 2282 1254 2358 contineatur,

165 2373 269 2455 possit
284 2384 390 2437 tamen
403 2395 442 2439 ex
455 2377 510 2438 illa
523 2377 638 2456 educi;
654 2396 760 2460 neque
772 2398 809 2441 ex
823 2379 931 2442 nihilo
948 2380 1117 2456 educatur,
1130 2381 1255 2445 solum·

130 2496 133 2505 ’
165 2470 265 2536 modo
281 2464 358 2554 quia
374 2475 525 2539 educitur
540 2475 763 2557 dependenter
777 2495 795 2539 a
807 2477 954 2556 subjecto
967 2495 1037 2542 eam
1054 2487 1259 2546 sustentante

167 2588 205 2633 ac
220 2571 411 2652 recipiente.

204 2669 257 2734 st.
288 2671 363 2753 Scio
389 2671 428 2733 ad
456 2673 526 2736 hmo
551 2674 662 2736 omnia
681 2678 748 2737 non
774 2673 886 2737 deesse
916 2676 1190 2740 scholasticorum
1206 2696 1257 2741 red

163 2786 283 2849 sponsa
293 2767 383 2833 iimo
395 2771 504 2834 multae
517 2773 582 2835 huc
593 2782 827 2852 congeruntur,
843 2774 1025 2854 praesertim
1039 2794 1057 2837 a
1072 2776 1249 2838 scholasti-

160 2868 210 2932 cis
225 2866 437 2946 tardioribus,
456 2869 613 2951 loquendi
644 2871 804 2946 formulas,
819 2871 930 2935 multae
943 2872 1127 2937 afferuntur
1143 2873 1253 2939 subti-

160 2967 521 3046 lesquedistinctiones.
536 2968 598 3032 Sed
615 2969 1004 3052 haeciogeniumquidem
1018 2970 1254 3058 disserentium

160 3065 313 3146 probant,
327 3076 359 3128 et
370 3083 439 3128 rem
456 3065 561 3146 ipsam
579 3084 644 3130 non
662 3085 859 3148 magnopere
877 3066 1058 3133 illustrant,
1082 3068 1252 3152 Quidquid

94 3209 95 3212 ,
161 3165 214 3239 sit,
232 3173 294 3228 stat
309 3175 396 3227 certe
409 3160 476 3228 ¹hoc
490 3177 733 3245 argumentum.

201 3263 317 3325 Merito
333 3264 479 3342 rejicitur
499 3263 557 3326 illa
573 3266 776 3345 hypothesis,
802 3285 886 3348 quae,
908 3277 944 3330 ut
965 3269 1143 3331 minimum
1160 3268 1252 3331 dica-

160 3380 244 3437 mus,
254 3380 386 3442 magnas
399 3344 521 3444 pdtitur
532 3362 751 3440 difficultates,
761 3366 788 3426 si
805 3366 877 3428 aliae
891 3367 1088 3448 hypotheses
1103 3368 1208 3447 planae
1220 3375 1253 3430 et

160 3461 399 3541 intelligibiles,
430 3462 569 3525 adrem
600 3463 641 3526 de
655 3482 719 3545 qua
732 3465 838 3544 agitur
859 3466 1089 3547 explicandam
1107 3466 1248 3541 idonee,

159 3570 276 3641 praesto
291 3560 368 3623 sint.
385 3562 481 3641 Atqui
512 3562 785 3626 scholasticorum
802 3563 1143 3650 hypothesismagnas
1162 3572 1250 3626 certe

162 3658 284 3738 patitur
303 3658 521 3734 difficultates,
549 3661 688 3744 aliaeque
704 3670 898 3742 opportunae
927 3663 1122 3743 hypotheses
1150 3661 1250 3725 nobis

158 3774 225 3819 non
241 3757 371 3821 desunt.
391 3758 507 3822 blerito
523 3759 623 3840 igitur
638 3759 694 3821 illa
710 3760 872 3840 rejicitur.

198 3852 250 3916 att.
268 3855 365 3919 Prob.
381 3855 421 3919 ll.
453 3856 648 3938 Quicunque
670 3858 712 3920 sit
744 3857 886 3939 physicae
907 3859 1026 3922 studiis
1054 3859 1101 3922 vel
1133 3859 1248 3921 leviter

155 3955 314 4029 excultus,
339 3954 486 4035 proiecto
512 3974 682 4039 nunquam
712 3957 912 4021 inanimum
941 3958 1084 4033 inducet,
1111 3966 1147 4020 ut
1172 3968 1249 4038 quac

184 4067 596 4129 (tinetnup.xv‚sect.11‚ttt.
