2792 4600
226 259 286 323 att
672 275 861 321 cosuotoon.

228 389 408 452 accidentia
431 389 593 463 absoluta,
611 407 678 452 non
705 407 780 452 vero
806 388 1032 468 quantitatem.
1049 388 1114 451 Alii
1142 407 1313 454 varocum

228 507 254 552 s.
271 489 394 551 Thoma
410 488 633 563 autumabant,
651 487 865 568 quantitatem
888 496 919 549 et
940 486 1113 568 qualitates
1129 488 1215 553 inter
1229 509 1262 551 se
1281 498 1314 553 et

227 603 245 647 a
258 586 439 649 substantia
451 587 583 649 realiter
594 585 752 666 distingui
765 585 823 660 ;'in
834 584 1125 649 Eucharistiavero
1136 598 1200 650 tam
1213 605 1315 668 quau·

227 686 352 748 titatem
368 704 466 767 quam
482 686 656 767 qualitates
672 702 806 748 manere
826 703 846 746 a
871 685 1051 748 substantia
1066 695 1241 767 separatas,
1258 686 1314 750 sed

228 784 441 864 quantitatem
458 802 591 847 manere
602 785 739 848 omnino
755 784 828 846 sine
842 783 1000 863 subiecto,
1015 785 1187 866 qualitates
1208 796 1316 865 autem

229 882 263 945 in
275 884 455 964 quantitate
471 883 574 963 recipi
589 891 624 945 nt
636 883 671 945 in
684 882 842 963 subjecto.
857 884 994 945 Demum
1009 883 1144 963 plurimi
1157 903 1195 947 ex
1209 884 1316 965 philo·

228 982 343 1062 sophis
366 1000 434 1046 non
449 981 670 1064 peripateticis
686 1000 759 1045 saec.
776 980 889 1054 XVlll,
905 981 1153 1046 difficultatibus
1173 983 1315 1062 physicis

229 1064 346 1154 adacti,
364 1080 484 1143 ineam
508 1089 667 1142 venerunt
691 1079 899 1153 sententiam,
916 1080 1019 1142 solam
1035 1080 1248 1159 quantitatem
1264 1099 1316 1144 ac-

229 1177 342 1242 cidens
356 1178 544 1244 absolutum
559 1195 648 1254 esse;
664 1178 836 1258 qualitates
851 1187 960 1241 autern
973 1195 1039 1241 non
1051 1197 1122 1244 esse
1134 1178 1197 1242 nisi
1211 1197 1314 1260 quan·
1360 1217 1364 1230 ·

229 1276 331 1339 titatis
346 1276 621 1342 modificationes.
1298 1335 1303 1340 ,

270 1375 343 1439 1511.
367 1379 525 1440 (laetorum
541 1376 632 1440 nulla
646 1395 683 1440 ex
700 1376 752 1438 his
767 1376 983 1457 opinionibus
1005 1376 1115 1457 aliqua
1130 1377 1191 1440 fuit
1204 1377 1318 1441 Eccle-

145 1513 157 1534 ,
228 1474 285 1537 siae
301 1474 493 1539 definitione
509 1476 649 1551 sancita;
667 1494 775 1558 neque
790 1494 935 1558 unquam
947 1484 1086 1557 systema
1096 1476 1319 1540 accidentium

229 1571 456 1637 absolutorum
481 1593 499 1637 a
528 1576 596 1637 suis
619 1576 847 1650 assertoribus,
865 1577 980 1638 saltem
1005 1575 1046 1638 ab
1071 1575 1320 1657 antiquioribus

229 1670 447 1746 scholasticis,
461 1673 667 1753 propositum
683 1673 733 1736 vel
750 1682 786 1736 ut
800 1673 876 1736 fidei
891 1674 1060 1737 catholicae
1073 1674 1202 1754 dogma,
1217 1677 1265 1737 rel
1281 1683 1319 1738 nt

229 1767 269 1828 ad
286 1767 383 1830 fidem
398 1759 594 1833 catholicam
621 1774 775 1837 tuendam
801 1772 1022 1835 necessarium
1038 1775 1094 1850 (1);
1114 1772 1180 1835 nisi
1202 1786 1318 1854 quate·

229 1883 292 1927 nus
313 1866 547 1942 existimarent,
565 1870 689 1931 nullam
716 1870 813 1931 aliam
840 1870 1090 1951 explicationem
1114 1871 1167 1948 iis,
1186 1872 1320 1952 quande

231 1963 294 2026 hoc
306 1965 461 2046 mysterio
476 1966 638 2029 credenda
651 1977 739 2043 sunt,
753 1967 969 2043 conformem,
980 1969 1189 2048 praeterhauc
1201 1986 1318 2045 uuam,

229 2063 336 2126 afferri
354 2082 459 2144 posse.
477 2066 518 2128 At
533 2065 560 2126 si
577 2065 616 2127 ad
633 2066 757 2146 species
778 2066 1010 2129 eucharisticas
1033 2068 1239 2148 explicandas
1252 2068 1322 2134 alia

229 2160 338 2222 afferri
356 2171 502 2242 possunt,
519 2182 592 2244 quae
607 2182 681 2226 oum
696 2165 858 2228 catholica
874 2164 938 2227 fide
953 2165 1091 2228 omnino
1117 2167 1319 2242 cohaereant,

230 2259 371 2342 quisque
391 2262 479 2325 videt
501 2262 716 2344 quaestionem
746 2263 786 2327 de
811 2262 1036 2327 accidentibus
1060 2263 1220 2329 absolutis
1245 2269 1321 2331 ess's

229 2375 319 2421 mere
346 2361 611 2442 philosophicam
639 2363 881 2445 hominumque
910 2363 1126 2444 opinionibus
1155 2365 1321 2429 relictam.

174 2506 183 2519 .
228 2456 335 2538 Atque
359 2459 404 2522 ita
429 2460 579 2541 plerique
598 2462 797 2525 recentiores
812 2463 957 2544 theologi
973 2463 1118 2526 sentiunt
1133 2465 1182 2542 (a).
1197 2464 1321 2529 Venia·

229 2572 302 2617 mus
315 2556 382 2635 jam
394 2557 433 2618 ad
449 2559 634 2638 generalem
649 2560 877 2640 quaestionem.

271 2653 343 2718 adt.
369 2656 408 2719 Ut
422 2658 614 2737 qnaestionis
629 2666 730 2720 status
745 2659 928 2722 accuratius
940 2659 1189 2735 determinetur,
1202 2670 1323 2725 notare

229 2753 347 2831 juverit
362 2756 623 2835 propositionem
640 2757 725 2820 hane
741 2775 749 2820 ε
765 2759 935 2821 occidentia
955 2769 1117 2840 corporum
1143 2761 1323 2823 coarmari

226 2862 356 2931 possum
379 2873 401 2915 o
425 2852 485 2917 lleo
509 2862 652 2935 separatu
679 2874 701 2916 u
727 2856 911 2931 substantio,
932 2855 1058 2937 duplici
1089 2857 1189 2920 modo
1218 2858 1322 2921 intel·

230 2949 287 3030 ligi
319 2967 432 3030 posse,
462 2951 615 3014 videlieet
648 2952 917 3028 indeterminate,
948 2963 979 3016 et
1014 2954 1252 3033 determinate;
1282 2973 1322 3019 ac

258 3130 290 3185 (1)
301 3127 360 3176 vide
372 3141 393 3174 r.
400 3140 437 3188 gr.
445 3142 493 3188 qua
504 3129 649 3177 rationabac
656 3131 685 3177 de
694 3143 721 3177 re
732 3131 870 3190 loqueretur
880 3133 995 3191 antiquus
1004 3140 1088 3179 auctor
1095 3133 1205 3192 opusculi
1216 3133 1320 3182 thlll

227 3202 292 3249 iuter
303 3204 394 3260 opusc.
404 3215 424 3249 s.
436 3203 549 3250 Thomae:
562 3221 574 3247 a
587 3203 652 3251 hicet
672 3206 737 3251 Deus
758 3213 839 3262 posset
859 3205 956 3264 aliquod
972 3208 1085 3253 accidens
1101 3220 1216 3265 separare
1233 3209 1321 3255 asub·

231 3294 242 3319 ι
257 3277 331 3335 jecto,
341 3286 367 3323 ut
376 3279 532 3326 communiter
542 3285 636 3325 tenetur
651 3279 682 3326 de
694 3279 854 3327 aoeidentihus
869 3280 954 3328 hostioe
963 3290 1107 3328 cumeorutoe
1117 3289 1182 3328 etos
1196 3282 1287 3338 (Tract.
1297 3283 1321 3329 t.
1383 3308 1384 3319 ¹

229 3364 251 3398 c.
261 3351 336 3407 vlu.)
347 3353 400 3400 Non
411 3352 466 3398 dicit
477 3354 615 3399 necessario
630 3354 676 3401 hoc
693 3356 824 3401 tenendum
841 3368 904 3412 esse,
914 3359 955 3403 sed
969 3357 1047 3403 solum
1059 3356 1221 3404 communiter
1232 3359 1323 3404 teneri.

230 3428 255 3474 S·
265 3425 370 3473 Thomas
385 3426 410 3472 in
427 3439 520 3473 summu
538 3427 571 3472 th.
590 3431 623 3484 (p.
635 3426 671 3475 111
682 3440 706 3486 q.
716 3429 753 3474 tt.
765 3436 811 3476 art.
823 3428 843 3484 1)
859 3435 978 3476 memorat
995 3430 1155 3488 quorumdam
1175 3430 1322 3489 opinionem

229 3500 272 3559 qui
282 3500 456 3547 existimabant
466 3500 599 3548 accidentia
610 3501 771 3550 eucharistica
781 3513 844 3560 esse,
859 3504 920 3549 sicut
940 3504 965 3549 ia
984 3503 1098 3564 subjecto,
1107 3505 1132 3549 in
1146 3517 1202 3551 uere
1215 3504 1326 3550 circum·

230 3582 316 3629 stante,

245 3649 291 3706 ,(9)
307 3647 399 3696 «Fides
411 3659 455 3692 nos
465 3646 535 3693 docet
544 3647 644 3693 eredere
659 3647 749 3694 realem
766 3647 854 3696 Christi
866 3648 1029 3707 presentiam,
1045 3656 1188 3697 nouantem
1202 3655 1245 3696 ant
1253 3649 1323 3696 acci-
1383 3642 1384 3705 ᾗ

232 3741 243 3762 «ι
259 3723 341 3768 dantia
351 3721 463 3767 absoluta
477 3719 701 3779 peripateticorum,
711 3727 754 3767 aut
770 3721 838 3767 aliud
858 3721 983 3778 quodlibet
1001 3722 1193 3781 philosophicum
1203 3730 1325 3783 systema.
1383 3778 1384 3783 ¹

232 3812 244 3838 a
260 3796 330 3844 Fides
347 3806 444 3853 semper
458 3793 562 3851 simplex
580 3801 627 3852 est,
636 3793 762 3843 hominum
781 3795 945 3842 additamenta
956 3803 983 3843 ut
997 3798 1129 3856 plurimum
1143 3798 1249 3857 implexa
1257 3804 1325 3844 sunt

232 3885 244 3911 e
261 3881 290 3916 ac
300 3867 412 3915 difficilia.
426 3884 437 3910 »
449 3867 485 3914 lta
496 3868 526 3914 cl.
537 3880 560 3927 p.
573 3869 616 3915 lo:
629 3869 736 3918 Perroue
746 3869 770 3915 in
783 3868 899 3917 rraetect:
909 3869 980 3917 theol.
991 3871 1037 3918 tol.
1048 3870 1101 3920 vn.
1112 3872 1191 3919 'l'ract
1200 3872 1229 3919 de
1239 3870 1328 3918 eneti.

231 3953 254 3988 c.
262 3944 281 3990 1.
294 3947 306 4000 l
317 3945 367 3992 119.
379 3944 410 3991 ct
418 3950 442 3990 et
453 3951 534 3991 notam
546 3943 688 4003 subjectam:
