2792 4600
219 330 288 394 118
564 360 566 367 ¹
694 347 866 393 ouronoern.

267 461 300 523 6⁰
324 459 438 522 Finem
455 458 698 539 quodammodo
715 479 784 521 esse
800 461 958 540 suiipsius
984 480 1126 536 causam,
1156 474 1315 545 quatenus

131 608 132 613 ,
226 575 286 639 per
308 557 515 619 efficientiam
549 557 735 620 mediorum
758 557 805 620 vel
829 559 1025 637 producitur
1046 560 1095 623 vel
1119 565 1311 643 acquiritur.
1367 582 1368 627 t

225 656 358 719 Nullum
371 666 478 719 autern
495 656 528 717 in
547 658 609 718 hoc
622 665 679 740 *est
695 658 941 719 inconveniens.
959 657 1039 720 Nam
1055 660 1164 741 primo
1181 662 1313 743 quidem
1367 638 1368 705 3

222 755 300 817 finis
325 766 372 816 est
401 773 508 828 causa,
528 763 624 833 prout
647 754 851 816 existentiam
870 756 966 817 habet
983 756 1227 821 intentionalem
1253 761 1313 837 (11,

223 855 296 928 300,
313 855 374 931 2⁰ss
392 862 439 914 est
454 870 529 916 vero
545 853 676 914 effeetus
693 853 726 913 in
744 853 861 915 ordine
877 855 1055 919 existentiae
1068 858 1177 920 realis.
1192 858 1314 920 Deinde

211 972 290 1018 ‘nou
310 953 496 1016 immediate
512 964 557 1014 est
575 952 625 1013 sui
643 970 750 1026 causa,
765 951 821 1013 sed
836 952 1058 1016 mediantibus
1071 956 1198 1018 actibus
1211 976 1315 1020 causae
1367 956 1368 997 3

224 1053 406 1128 efficientis,
424 1069 508 1132 quos
531 1052 600 1130 ipse
626 1050 775 1130 proxime
805 1063 925 1113 causat.
944 1053 1026 1115 llinc
1042 1054 1141 1117 illud:
1161 1057 1312 1137 [1111111-

209 1170 293 1214 'mur
308 1154 343 1213 in
355 1153 533 1224 intentione,
551 1150 680 1211 ultimus
695 1150 730 1209 in
745 1150 944 1211 exsecutione.
1367 1150 1368 1181 l

266 1251 339 1314 501.
364 1251 545 1313 Paoeosrrro
568 1247 608 1311 ll.
634 1247 731 1310 Omne
745 1267 838 1328 agens
849 1257 973 1328 propter
986 1251 1079 1329 finem
1091 1261 1244 1330 operatur.

268 1347 534 1411 Praemittendum
548 1358 607 1421 est,
624 1336 721 1426 agens
738 1349 866 1428 operari
883 1366 977 1427 posse
994 1357 1128 1428 propter
1140 1349 1237 1412 linem
1251 1350 1316 1411 du·
1367 1362 1368 1427 t

205 1466 208 1471 ·
227 1448 381 1531 pliciter:
402 1447 432 1508 1ο
455 1457 490 1508 ut
504 1465 538 1509 se
553 1447 594 1509 ad
610 1447 709 1508 linem
727 1464 858 1510 movens
875 1446 960 1507 etad
976 1446 1074 1509 iinem
1091 1448 1198 1510 media
1220 1448 1315 1510 ordi·
1367 1438 1368 1501 l

223 1564 323 1623 naus;
347 1549 379 1610 2⁰
391 1554 426 1608 ut
440 1555 565 1607 motum
578 1546 619 1605 ab
631 1544 697 1607 alio
710 1555 807 1625 atque
819 1544 859 1606 ab
872 1545 938 1607 alio
950 1534 1135 1609 ordinatum
1149 1548 1182 1607 in
1199 1546 1314 1609 linem.

224 1645 352 1708 Primus
368 1653 475 1707 autem
506 1644 624 1706 modus
653 1645 812 1724 operandi
831 1654 965 1724 propter
981 1645 1077 1707 linem
1095 1647 1250 1726 proprius
1265 1655 1318 1707 est

223 1743 432 1806 solummodo
455 1743 540 1804 entis
562 1741 787 1822 intelligentis.
810 1743 891 1806 Nam
915 1742 1022 1804 solum
1045 1761 1103 1805 ans
1126 1743 1317 1823 intelligens
1367 1742 1368 1833 l

205 1844 328 1925 ‘ipsam
352 1842 425 1905 finis
448 1840 607 1902 rationem
630 1841 809 1919 cognoscit,
834 1858 871 1901 ae
892 1857 1026 1902 suorum
1050 1849 1180 1903 actuum
1204 1841 1314 1905 domi·

224 1943 316 2005 nium
333 1941 439 2003 trabat.
457 1939 591 2019 Agentia
608 1955 683 2001 vero
700 1957 773 2020 quae
795 1938 962 2000 intellectu
976 1947 1097 2012 carent,
1111 1939 1178 2000 sive
1193 1957 1313 2021 appre-
1367 1926 1368 1995 l

222 2041 368 2103 hendant
404 2038 614 2102 materialiter
646 2039 757 2114 linem,
786 2047 823 2127 ut
855 2037 961 2111 bruta,
993 2038 1060 2100 sive
1092 2055 1172 2113 uon,
1202 2047 1237 2102 ut
1258 2058 1316 2102 res

222 2137 1315 2220 inanime,semporuaturalinecessitateiniincmaguntur;quem·
1367 2140 1368 2225 p

222 2239 399 2303 admodum
415 2238 529 2319 sagitta
544 2236 584 2298 ad
596 2254 733 2318 scopum
750 2237 866 2311 tendit,
885 2253 951 2299 uon
965 2236 1042 2318 quia
1056 2236 1125 2318 ipsa
1138 2255 1172 2300 se
1185 2237 1223 2299 ad
1236 2255 1315 2301 sco·
1367 2240 1368 2316 j

221 2331 301 2421 pum
323 2346 405 2419 agat,
429 2337 486 2398 sed
507 2336 584 2416 quia
606 2354 624 2397 a
647 2336 814 2416 sagittario
839 2335 919 2398 illuc
942 2335 1097 2415 dirigitur
1119 2344 1150 2398 et
1165 2336 1315 2416 impelli·

223 2445 288 2500 tur.
1367 2431 1368 2514 l

261 2535 297 2596 ln
315 2534 541 2615 propositione
553 2531 719 2608 asseritur,
735 2549 800 2594 uno
813 2531 912 2595 mode
924 2533 974 2594 vel
986 2535 1088 2597 altero
1100 2551 1198 2597 omne
1209 2551 1315 2615 agens

221 2643 355 2715 propter
370 2633 469 2694 linem
481 2631 624 2711 operari.

260 2732 332 2797 501.
351 2730 448 2794 Proh.
465 2729 525 2790 1⁰«
542 2729 578 2790 ln
593 2729 644 2791 his
656 2747 729 2810 quae
741 2728 913 2792 manifeste
927 2738 1061 2811 propter
1073 2731 1171 2793 linem
1195 2741 1314 2811 agunt,
1367 2725 1368 2794 l

219 2853 237 2889 «
261 2830 305 2891 ita
320 2829 353 2892 S.
369 2831 521 2904 Thomas,
540 2828 602 2890 hoo
617 2827 760 2889 dicimus
776 2846 845 2890 esse
861 2828 960 2891 linem
977 2829 1011 2890 in
1029 2829 1116 2910 quod
1131 2829 1235 2891 tendit
1248 2830 1317 2891 im·
1367 2819 1368 2892 ἶ

220 2950 236 2986 r
260 2938 354 3007 petus
383 2926 520 3006 agentis.
546 2928 616 3004 »(1)
637 2925 735 3006 Atqui
766 2926 994 3007 cuiuscunque
1017 2927 1141 3007 agentis
1164 2928 1318 3007 impetus
1367 2913 1368 2976 Ῠ

217 3044 275 3089 seu
289 3034 396 3089 motus
412 3025 452 3087 ad
468 3034 594 3087 certum
621 3024 766 3106 aliquem
797 3024 947 3087 effectum
973 3027 1084 3088 tendat
1100 3043 1231 3089 necesse
1246 3032 1314 3089 est.

215 3124 308 3199 Nam,
328 3134 362 3187 ut
378 3124 464 3186 idem
481 3123 514 3188 S.
537 3125 678 3186 Thomas
707 3123 932 3199 ratiocinatur,
953 3145 967 3181 c
985 3124 1012 3185 si
1028 3142 1126 3204 agens
1152 3142 1218 3187 uon
1236 3132 1316 3186 ten·
1367 3191 1368 3198 χ

219 3246 234 3283 ι
257 3224 349 3285 deret
364 3223 403 3285 ad
420 3223 564 3303 aliquem
587 3221 736 3284 effectum
753 3220 1017 3300 determinatum,
1043 3239 1158 3285 omnes
1174 3223 1317 3285 affectus
1367 3257 1368 3290 t

219 3344 235 3379 r
259 3330 366 3382 essent
380 3322 409 3381 ei
424 3319 660 3381 indifferentes.
677 3317 770 3391 Quod
789 3328 897 3380 autem
915 3318 1143 3381 indifferenter
1158 3338 1192 3382 se
1209 3321 1318 3384 habet

218 3440 233 3474 ι
257 3420 296 3478 ad
314 3417 428 3491 multa,
445 3434 511 3479 non
534 3416 637 3497 magis
652 3433 756 3479 unum
772 3433 887 3478 eorum
902 3426 1058 3496 operatur
1074 3419 1173 3498 quam
1189 3417 1283 3480 aliud
1305 3435 1316 3482 ε

218 3538 233 3575 ι
257 3515 344 3604 upde
360 3533 377 3576 1
392 3515 601 3594 contingente
616 3513 655 3575 ad
672 3522 848 3594 utrumque
865 3530 930 3575 nou
947 3516 1096 3596 sequitur
1120 3515 1240 3596 aliquis
1258 3515 1318 3578 ef-

197 3629 234 3672 ·‹
257 3615 371 3688 lectus,
389 3613 453 3674 nisi
472 3630 529 3691 per
543 3611 670 3693 aliquid
702 3629 768 3692 quo
798 3611 1037 3675 determinetur
1050 3613 1090 3675 ad
1106 3626 1222 3678 unum.
1240 3612 1321 3675 lm·

156 3783 158 3786 ¹
217 3712 415 3794 «possibile
446 3711 547 3790 igitur
582 3720 667 3773 esset
687 3709 775 3791 quod
800 3721 919 3792 ageret.
944 3710 1048 3775 Omna
1078 3711 1178 3793 igitur
1207 3701 1319 3791 agens

199 3835 231 3872 «ι
256 3812 361 3877 tendit
375 3809 414 3871 ad
431 3809 575 3888 aliquem
591 3808 844 3874 determinatum
872 3810 1044 3887 effectum,⁸
1054 3810 1110 3891 qui
1130 3809 1257 3874 dicitur
1273 3810 1318 3872 fi·

215 3934 232 3970 «
256 3910 389 3988 uiseJus
413 3910 497 3986 111).

128 4086 132 4095 ,
242 4041 274 4095 (tt
291 4038 382 4086 Contra
393 4039 461 4084 dent.
473 4036 524 4083 lits.
534 4035 568 4082 lll
580 4035 662 4090 olli
672 4034 682 4082 l
693 4060 721 4070 -
732 4035 830 4093 itttbtd.
841 4038 863 4092 5.
874 4038 905 4094 ’1.
980 4029 987 4037 ”
