2792 4600
212 294 272 359 161
664 313 835 359 ouroroou.

249 427 265 456 *
278 426 352 492 517.
367 422 554 489 Notandum
568 434 677 489 tamen
692 428 722 488 10
735 427 869 507 perlecti
883 425 1186 490 denominationem
1198 427 1300 492 rebus

210 528 273 591 hoc
288 537 454 609 postremo
470 546 568 592 sensu
583 530 803 592 communiter
815 528 929 593 tribui.
943 530 1053 593 Primo
1069 529 1203 609 quidem
1221 528 1301 610 quia

209 626 405 706 significatio
435 627 503 689 baec
523 627 684 708 originem
702 626 800 707 hujus
826 626 971 689 nominis
987 627 1124 708 propius
1151 628 1298 707 attingit3

209 725 353 788 seeundo
369 734 475 788 autern
489 726 566 805 quia
582 724 740 806 perfectio
758 727 825 787 baec
837 734 884 788 est
899 726 1002 805 magis
1018 734 1102 789 nota.
1146 743 1162 773 ⁴

251 826 285 888 10
305 824 509 889 Substantias
532 825 646 904 procul
673 824 777 887 dubio
806 824 963 903 perfectas
979 825 1044 886 dici
1064 826 1096 886 in
1113 825 1231 888 ordine
1257 824 1299 887 ad
1321 887 1324 891 .

208 922 307 984 finem
321 924 419 986 modo
431 923 602 1003 explicato.
613 922 1000 994 Quaeautemsubstantiae
1014 923 1125 986 insunt
1136 922 1299 986 abstracte

208 1020 425 1096 considerata,
444 1028 475 1081 et
487 1020 557 1100 ipsa
574 1021 636 1082 boc
650 1019 749 1081 modo
766 1018 829 1080 dici
848 1019 1009 1100 perlecta,
1023 1038 1088 1082 non
1102 1028 1208 1080 tamen
1226 1038 1298 1083 om·
1376 1018 1377 1021 ’

206 1118 275 1182 nia.
291 1120 371 1182 Nam
400 1127 432 1180 et
457 1117 616 1197 operandi
643 1117 807 1197 principia
832 1127 864 1179 et
892 1118 1110 1199 operationes,
1133 1118 1211 1198 quia
1238 1135 1299 1198 per

214 1217 300 1297 ipsas
317 1215 357 1278 ad
384 1215 483 1277 tinem
509 1214 666 1289 tenditur,
685 1214 825 1293 perlecta
855 1215 920 1277 dici
953 1223 1089 1295 possunt
1117 1215 1298 1278 secuudum

211 1314 309 1376 linem
327 1331 335 1377 :
353 1325 450 1393 atque
467 1314 528 1374 hoc
544 1321 638 1392 pacto
653 1312 795 1375 dicimus
822 1312 1002 1392 perlectum
1028 1313 1173 1388 oculum,
1191 1312 1298 1394 perle-

208 1419 292 1474 ctam
313 1411 574 1491 intelligentiam,
593 1411 769 1493 perfectam
793 1413 974 1475 orationem
990 1424 1021 1475 et
1043 1413 1178 1486 similia,
1195 1430 1299 1493 quum

209 1512 249 1574 ad
264 1511 343 1572 lines
355 1528 431 1572 suos
444 1509 664 1589 assequendos
677 1519 753 1571 sunt
765 1517 837 1589 apta
849 1526 887 1571 ac
901 1510 1159 1591 proportionata.
1170 1510 1300 1574 Ceterae

211 1617 319 1679 autem
335 1607 507 1688 qualitates
520 1625 592 1687 quae
604 1608 642 1669 ad
654 1607 880 1686 operationem
893 1624 959 1670 non
973 1608 1180 1684 ordinantur,
1195 1625 1300 1688 quan·

213 1725 311 1790 quam
327 1715 359 1768 et
374 1706 464 1785 ipse,
482 1715 518 1767 ut
532 1716 608 1767 suut
624 1704 657 1764 in
674 1703 833 1781 subiecto,
843 1706 909 1766 sint
921 1715 1055 1786 propter
1066 1705 1164 1767 linem
1181 1705 1299 1785 ipsius,

216 1825 274 1887 per
290 1823 324 1866 se
339 1812 446 1866 tamen
463 1812 613 1883 spectate
629 1818 695 1864 non
712 1801 867 1865 dicuntur
889 1802 1039 1882 perlectae
1055 1821 1113 1883 per
1129 1820 1299 1883 compara-

206 1905 334 1968 tionem
350 1902 391 1964 ad
407 1902 518 1977 finem,
535 1900 591 1962 sed
607 1902 716 1963 solurn
734 1901 761 1962 si
779 1901 812 1962 in
830 1902 920 1963 nulla
935 1919 971 1963 re
987 1902 1150 1978 deficiant,
1168 1921 1241 1984 quae
1256 1902 1298 1964 ad
1379 1980 1380 1983 Ἴ

210 2020 321 2065 earum
341 2000 515 2062 essentiam
531 1999 702 2079 pertineat.
720 1997 765 2059 lta
781 1996 925 2061 cir'oulus
940 2000 1063 2062 dicitur
1078 1999 1252 2081 perlectus,
1270 2000 1299 2062 si

210 2099 321 2164 omnia
336 2098 405 2177 ejus
421 2105 540 2177 puncta
552 2114 570 2158 a
581 2109 695 2158 centro
710 2097 930 2177 aequidistent.
945 2100 982 2161 lu
1007 2099 1069 2161 hoo
1091 2117 1168 2186 casu
1191 2099 1301 2180 perle-

209 2207 298 2261 ctum
312 2199 378 2259 fere
392 2213 468 2258 cum
483 2212 560 2259 vero
575 2196 726 2275 congruit
744 2195 836 2274 (114).

250 2296 323 2359 318.
346 2293 393 2357 Ex
408 2294 506 2357 dictis
522 2295 592 2358 baeo
609 2294 798 2375 colligimus
815 2312 822 2358 :

250 2394 283 2454 l·
294 2391 454 2455 Perfectio
466 2392 574 2472 reipsa
586 2410 604 2453 a
615 2392 761 2455 bonitate
773 2409 840 2454 non
853 2391 1169 2473 distinguiturtllr'i).
1180 2392 1301 2465 Quem-

209 2490 412 2553 admodum'
404 2490 506 2571 igitur
519 2508 618 2552 omne
632 2508 690 2552 ens
707 2499 755 2552 est
770 2490 933 2566 bonum,
924 2500 968 2553 ιιι
991 2509 1088 2555 omne
1104 2510 1161 2555 ens
1187 2493 1301 2574 aliqua

209 2589 322 2650 saltem
342 2588 540 2668 perfectione
554 2588 733 2668 perlectum
750 2598 809 2652 est.

250 2689 283 2750 10
305 2687 660 2767 Perleotionisregula‚
676 2707 734 2751 seu
757 2689 788 2750 id
817 2688 997 2752 seeundum
1024 2645 1111 2769 quod
1140 2690 1302 2771 perfectio

209 2783 294 2846 entis'
320 2785 354 2847 in
370 2800 523 2849 concreto
539 2787 622 2864 (517,
639 2786 680 2867 1οι
704 2789 860 2860 estimari
878 2786 986 2861 debet,
1009 2798 1057 2851 est
1083 2789 1186 2870 ipsius
1211 2789 1300 2852 entis

211 2884 299 2946 linis.

239 2983 281 3044 <3⁰
303 2982 375 3044 Haec
391 2979 602 3062 perfectionis
617 2981 729 3063 regula
744 2983 884 3064 simplex.
896 2992 950 3059 est,
968 2986 1071 3063 quum
1088 3002 1146 3047 ens
1161 2985 1300 3048 unicum

211 3080 309 3142 finem
333 3080 447 3158 habet;
470 3082 647 3161 composito,
666 3100 768 3161 quum
796 3100 854 3144 ens
879 3083 990 3163 plures
1017 3083 1097 3146 lines
1125 3084 1223 3147 babet
1247 3086 1300 3148 vel

210 3178 442 3242 subordinatus
454 3180 503 3242 vel
520 3179 741 3244 coordinatos.

249 3277 281 3339 to
307 3277 467 3341 Perleotio
497 3278 641 3358 partium
669 3278 883 3341 subordinate
912 3288 959 3343 est
988 3280 1045 3342 lini
1074 3283 1186 3345 totius.
1215 3281 1300 3346 Nam

209 3384 314 3439 totum
328 3384 378 3436 est
393 3376 467 3436 finis
482 3376 637 3457 partium.
912 3363 914 3368 ’

641 3542 804 3589 nurtcutus
825 3544 861 3590 11.

393 3656 437 3717 De
456 3656 650 3738 perfectionis
668 3661 889 3740 partitionibus
910 3670 937 3724 et
956 3662 1116 3744 gradibus.

248 3772 321 3836 519.
345 3772 506 3836 Perfeotio
522 3774 631 3837 totatis
657 3776 742 3838 entis
768 3778 816 3839 vel
842 3778 973 3844 relativo
999 3786 1058 3853 est,
1075 3779 1122 3842 vel
1138 3779 1299 3860 obsoloto3

209 3870 368 3932 nimirum
384 3871 432 3932 vel
450 3872 484 3934 in
499 3872 612 3953 aliquo
637 3874 746 3937 solum
771 3893 890 3956 genere
917 3878 1116 3952 continetur,
1133 3878 1182 3940 vel
1198 3898 1302 3960 supra

150 4030 153 4036 „
209 3985 307 4031 omne
321 3987 423 4049 genus
447 3971 532 4032 etin
559 3973 629 4051 ipsa
648 3972 733 4034 entis
756 3973 894 4037 ratione.
911 3974 1003 4038 lllam
1030 3975 1234 4039 constituunt
1260 3995 1302 4041 ea
