2792 4600
456 353 544 398 mam
564 304 803 410 neruusscerm'
826 354 859 398 11.
887 369 889 372 ·
1142 332 1201 395 23¹1

107 485 158 542 se,
181 465 359 542 sedetiam
380 467 593 532 resultantem
617 466 764 547 plurium
787 467 936 537 virium,-
965 466 1096 528 radium
1125 464 1202 526 item

107 564 234 629 coloris
246 565 324 640 albi,
341 565 472 645 aliaque
487 565 689 643 hujusmodi.

154 661 265 727 Brevi:
284 663 488 744 peripatetici
502 682 568 726 non
581 662 679 725 aliam
693 662 912 741 agnoscebant
926 662 1203 743 compositionem

109 761 374 837 substantialem,
389 780 487 842 quam
508 781 555 823 ex
572 766 717 842 potentia
732 770 764 823 et
785 772 870 827 actu.
887 762 950 825 Sed
974 761 1157 826 observatio
1172 769 1204 823 et

110 860 315 941 experientia
323 874 526 941 noscogunt,
535 861 788 925 utadmittamus
801 856 1203 941 substantiascompdsitas

114 976 153 1022 ex
168 958 319 1039 pluribus
331 958 523 1024 substantiis
538 968 610 1022 actu
630 959 909 1035 permanentibus,
923 977 1061 1040 quarem
1078 950 1209 1038 species

112 1057 200 1136 juxta
216 1059 486 1140 componentium
508 1066 671 1131 naturam,
696 1058 864 1124 autetiam
880 1059 971 1138 Juxta
984 1058 1108 1118 variam
1123 1074 1202 1119 con·

105 1154 294 1236 ‚junctionis
309 1155 470 1220 rationem
485 1156 647 1219 differant.
666 1156 736 1222 Huc
753 1156 839 1219 redit
855 1157 888 1219 in
902 1155 1054 1236 praesenti
1068 1154 1205 1237 quaestio

15 1307 16 1322 ,
114 1262 268 1319 tetecum
281 1255 502 1337 peripateticis
513 1255 621 1336 ;quod
634 1256 666 1318 bi
676 1264 863 1320 constanter
871 1265 1005 1319 utantur
1013 1252 1205 1318 notionibus

113 1350 314 1434 quibusdam
329 1370 414 1415 esuo
431 1352 907 1434 ipsospstematedepromptis,
923 1353 1096 1433 qoaenullo
1113 1359 1206 1433 pacto

114 1449 298 1530 probantur
312 1452 496 1516 necessario
512 1452 721 1532 recipiendae,
740 1452 805 1514 nisi
821 1453 929 1531 ipsum
950 1461 1044 1515 antea
1068 1458 1206 1531 systema

117 1547 301 1629 probetur3
326 1549 378 1611 bis
408 1550 549 1636 preinde
570 1550 762 1613 notionibus
784 1549 923 1628 rejectis,
955 1559 1009 1612 aut
1036 1550 1206 1629 paululum

114 1645 309 1722 immutatis,
324 1648 436 1710 omnia
458 1667 572 1713 eorum
595 1658 786 1730 argumenta
809 1647 999 1712 concidunt.

158 1745 208 1807 75.
234 1745 282 1807 Ad
297 1748 349 1811 5¹¹¹.
372 1746 456 1825 Ncpo
478 1765 616 1828 corpora
634 1750 794 1809 innostra
812 1747 984 1827 bppotben'
1008 1746 1116 1826 specie
1139 1762 1206 1808 non

116 1860 213 1923 posse
235 1844 361 1909 differe.
384 1845 466 1909 Nam
487 1862 608 1926 corpus
630 1845 851 1925 compositum
874 1864 912 1907 ex
927 1844 1107 1907 substantia
1129 1844 1154 1906 B
1176 1854 1207 1906 et

17 2013 18 2016 Ἴ
116 1940 298 2004 substantia
327 1943 362 2018 G,
391 1944 607 2007 essentialiter
636 1943 747 2006 diflert
775 1942 1003 2024 etaBetaC,
1023 1941 1206 2023 etquidem

115 2040 301 2103 secundum
316 2043 421 2121 ipsam
443 2043 669 2105 substantiam.

159 2137 209 2201 Ad
226 2140 385 2203 rationem
399 2141 543 2206 additam
560 2160 570 2219 ;
587 2159 706 2222 nempe
724 2158 731 2204 :
756 2141 881 2221 species
895 2159 959 2204 non
972 2140 1012 2203 ab
1028 2138 1206 2222 accidenti·

14 2261 15 2282 t
117 2235 181 2303 bus
195 2238 385 2304 derivantur
397 2242 451 2305 sed
470 2242 692 2306 asubstantia.
711 2241 948 2322 componentia
961 2229 1069 2303 aut'em
1085 2257 1205 2302 acom-

118 2339 228 2418 posito
240 2341 501 2405 solisdifferrent
516 2340 752 2405 accidentibus.
822 2402 827 2409 ,
898 2371 904 2379 ·

14 2520 15 2523 ¹
158 2435 240 2499 bnt.
263 2438 338 2520 maj.
362 2441 487 2520 species
509 2439 740 2512 accidentium,
756 2457 844 2518 nep.;
866 2438 991 2517 species
1008 2433 1204 2498 substantia-

14 2546 15 2593 }
119 2551 205 2609 rum,
218 2537 320 2614 subd.;
337 2539 429 2613 inse,
446 2540 569 2614 emittm
587 2538 694 2618 quoad
712 2549 857 2599 nostram
873 2536 1203 2614 cognitionemuepo.
1306 2594 1309 2601 ,

115 2629 182 2695 Sed
201 2633 270 2697 baec
285 2635 370 2698 dicta
391 2636 479 2698 volui
495 2635 706 2700 solummodo
722 2643 757 2697 ut
769 2634 918 2714 quaedam
934 2633 967 2694 in
985 2633 1046 2694 bac
1060 2630 1203 2712 generali

119 2733 349 2812 propositione
358 2735 540 2798 inaccurate
553 2734 640 2796 dicta
649 2744 808 2796 notarem.
819 2732 866 2794 Ad
875 2731 1099 2794 difficultatem
1115 2730 1204 2792 enim

14 2864 15 2887 1
118 2832 211 2911 quod
224 2833 351 2908 attinet,
367 2835 478 2896 omissa
491 2833 617 2915 mojori,
633 2834 705 2896 dist.
721 2833 818 2895 mim:
836 2832 1066 2912 componentia
1082 2848 1100 2891 a
1114 2848 1205 2893 com·

14 2912 15 2995 Ῐ
120 2929 231 3009 posito
249 2931 329 2994 solis
349 2932 516 2995 differrent
533 2932 770 3007 accidentibus,
788 2948 934 2994 seorsum
957 2938 1096 3009 sumpta,
1113 2947 1203 3010 pep.;

14 3034 15 3117 ᾗ
117 3026 220 3091 simul
235 3034 375 3109 sumpta,
384 3031 487 3105 subd.,·
499 3030 651 3093 different
662 3029 742 3092 solis
755 3026 991 3105 accidentibus,
1002 3045 1074 3108 quae
1087 3044 1205 3107 nempe

14 3154 15 3159 κ
117 3134 197 3189 sunt
229 3127 411 3191 accidentia
435 3141 587 3210 respectu
610 3124 1023 3209 componentium,‘coac.;
1055 3133 1203 3205 respectu

116 3224 308 3304 compositi,
331 3244 420 3307 pepo.

159 3321 212 3387 74.
229 3323 314 3405 Opp.
338 3324 378 3390 ll.
403 3325 585 3401 Dicendum
600 3325 707 3406 plane,
731 3322 962 3404 componentia
984 3338 1050 3387 non
1072 3338 1204 3384 manere

116 3430 193 3485 actu
209 3423 243 3484 in
258 3425 370 3500 mixto,
388 3427 445 3488 sed
459 3443 560 3506 quum
572 3422 994 3496 liericombinatiodicitur,
1008 3437 1204 3484 novumesse

117 3521 333 3586 substantiale
347 3525 498 3604 produci,
515 3533 546 3587 et
569 3522 703 3604 quidem
720 3524 775 3596 ita,
793 3529 828 3582 ut
844 3518 1055 3601 pereuntibus
1069 3534 1204 3597 compo·

121 3620 269 3683 nentium
286 3620 414 3700 formis,
431 3640 469 3684 ex
485 3622 674 3685 eorumdem
693 3619 827 3681 materia
842 3635 924 3681 nova
935 3616 1039 3678 lorma
1052 3615 1202 3678 substan·

119 3718 208 3783 tialis
221 3719 392 3785 educatur.

161 3820 241 3885 Nam
259 3822 291 3884 1⁰
306 3821 443 3883 mixtum
460 3817 645 3881 manifestat
659 3833 758 3879 novas
773 3814 858 3876 vires
873 3829 1038 3892 novasque
1056 3812 1204 3892 proprie·

121 3926 212 3989 tates.
238 3921 325 4000 Ergo
351 3937 409 4000 per
437 3916 716 3982 combinationem
746 3932 867 3978 nouum
896 3931 966 3975 esse
991 3911 1203 3974 substantiale

121 4020 257 4103 accepit.
274 4017 428 4100 Operatio
443 4016 532 4079 enim
545 4015 694 4097 sequitur
711 4031 792 4078 esse.
808 4013 843 4077 si
859 4028 935 4093 ergo
947 4011 1095 4093 operatio
1110 4014 1202 4079 mixti
