2792 4600
176 308 237 371 lta
629 320 801 372 antoanam.

167 439 411 520 scentepotentio
425 439 578 501 existens:
592 438 624 499 id
643 439 731 500 enim
746 439 832 519 quod
847 449 962 502 natura
975 440 1067 521 prius
1082 452 1129 503 est
1142 442 1257 516 altero,

166 539 358 619 concipitur
369 548 399 600 et
412 536 607 617 intelligitur
620 538 651 598 in
666 557 723 600 sua
736 549 850 601 natura
862 542 1074 621 completum,
1084 541 1164 621 quin
1181 543 1261 603 alte·
1376 590 1377 617 3

169 655 244 701 rum
262 635 479 715 intelligatur3
504 637 566 697 luoc
591 644 699 698 autem
727 636 864 700 alterum
893 638 1025 718 concipi
1048 640 1174 719 nequit,
1193 640 1283 716 nisi
1376 650 1377 653 ’

169 738 281 817 priore
298 736 356 798 illo
372 736 548 799 intellecto.
566 733 643 806 Quae
658 735 698 796 ab
717 736 832 798 eodem
847 737 1013 817 principio
1028 739 1128 800 simul
1142 757 1258 819 prove·
1376 732 1377 739 '

168 837 277 910 nium,
294 846 329 903 ut
348 853 461 899 omues
485 835 617 897 effectus
642 834 842 909 simultanei,
859 832 1016 898 dicuntur
1035 856 1105 900 esse
1119 838 1155 899 in
1168 840 1258 918 cipeto

164 936 278 1009 eodem,
296 944 331 997 ut
346 952 375 996 v.
394 951 442 1014 gr.
460 933 494 995 in
510 932 639 994 bilance
661 951 814 995 ascensus
837 934 936 997 nnius
951 934 1056 998 lancis
1072 946 1103 998 et
1119 937 1256 999 descen·

165 1054 223 1098 sus
239 1035 372 1097 alterius
390 1051 397 1096 :
415 1051 580 1114 quaerero
596 1042 672 1095 sunt
693 1033 726 1094 in
750 1033 865 1095 eodem
894 1035 1040 1110 instanti,
1058 1035 1113 1097 sed
1131 1037 1257 1099 nullam

167 1135 254 1197 inter
269 1152 303 1197 se
318 1133 366 1194 vel
383 1132 422 1193 ad
439 1131 572 1194 tertium
588 1130 725 1211 aliquod
745 1132 973 1214 dependentia
989 1135 1181 1197 relationem
1198 1135 1258 1196 ha·

165 1233 256 1308 beut,
274 1233 429 1294 dicuntur
445 1249 514 1292 esse
529 1232 564 1291 in
575 1230 672 1311 siquis
687 1230 857 1311 disperdis,
871 1238 906 1294 ut
923 1249 1062 1311 praesens
1074 1232 1177 1294 animi
1191 1235 1256 1295 mei

164 1331 320 1410 cogitatio
336 1340 367 1392 et
383 1331 589 1415 planetarum
606 1339 726 1392 molus.
785 1402 789 1407 ⁸

206 1431 280 1493 258.
304 1429 396 1492 Nunc
422 1427 461 1490 ad
488 1446 588 1490 canen
603 1431 786 1491 notionem.
804 1430 906 1492 Causa
932 1440 979 1491 est
1002 1430 1194 1511 principium
1207 1432 1256 1493 in·

161 1531 259 1610 fluxu
274 1548 329 1590 suo
341 1529 545 1589 determinans
560 1529 680 1608 aliquid
705 1529 763 1590 sibi
781 1529 967 1610 insufficiens
989 1530 1031 1591 od
1051 1531 1253 1594 emittendum.

165 1630 202 1692 lu
220 1631 280 1691 hac
295 1628 488 1690 delinitione
503 1646 564 1690 nox
580 1627 1009 1709 illa:principium:generis
1025 1629 1140 1691 locum
1149 1639 1253 1705 tenet;

164 1734 338 1808 sequentes
353 1743 361 1790 :
378 1728 508 1807 influxu
522 1744 577 1788 sno
592 1725 719 1807 :princi
726 1727 816 1806 pium
833 1744 908 1788 cum
924 1727 1123 1808 principiato
1136 1728 1256 1790 intrin-

63 1876 66 1879 -
162 1847 238 1891 sece
251 1844 436 1889 connexum
453 1826 624 1907 designant
640 1825 723 1906 (aad)
743 1844 751 1889 ε
768 1834 883 1887 caetera
910 1826 1016 1906 palam
1039 1827 1163 1889 iaciunt
1177 1846 1254 1891 cau·

163 1944 234 1989 sam
249 1945 319 1988 esse
332 1924 533 2006 principium
548 1933 662 1987 natura
677 1924 768 2004 prius
782 1943 816 1986 rc
830 1943 926 2006 quam
943 1926 1104 2005 producit.
1115 1925 1149 1988 ld
1164 1929 1254 2007 quod

162 2043 261 2088 causa
277 2024 385 2098 efficit,
402 2021 523 2104 effeetus
539 2033 759 2105 nuncupatur.

207 2124 318 2184 Causae
334 2131 405 2202 post
421 2122 627 2184 Aristotelem
641 2121 679 2182 ad
694 2131 835 2202 quatuor
847 2121 964 2184 classes
977 2123 1119 2185 reuocari
1134 2125 1252 2199 solent,

163 2221 317 2284 videlicet
346 2220 385 2283 ad
414 2221 597 2303 efficientem,
621 2221 757 2301 finalem,
781 2212 982 2295 materialem,
1008 2220 1183 2303 formalem
1212 2224 1254 2286 de

164 2322 285 2403 quibus
302 2339 390 2383 nuuc
404 2328 453 2383 est
467 2321 644 2401 agendum.

595 2483 760 2566 anniculus
783 2522 816 2567 ll.

542 2652 583 2713 lte
604 2670 698 2714 causa
720 2653 872 2734 efficiente.

201 2784 288 2857 259„
300 2786 401 2846 Causa
416 2783 560 2846 efficiens
575 2794 623 2846 est
639 2783 673 2844 id
685 2804 707 2845 a
717 2803 776 2866 quo
789 2786 908 2864 aliquid
919 2786 964 2864 fit.
979 2786 1091 2848 Causae
1106 2785 1250 2849 efficien-

159 2884 203 2945 tis
220 2882 353 2963 propria
368 2891 416 2945 est
430 2883 580 2954 actiones,
597 2900 655 2943 scu
668 2885 715 2943 oia
730 2883 857 2962 cqcndi3
876 2901 933 2960 per
949 2883 1034 2946 hauc
1050 2882 1138 2945 enim
1154 2902 1253 2946 causa

159 2979 271 3043 iuiluit
287 2982 320 3042 in
336 2980 486 3043 effectum
502 2979 708 3041 existentiam
726 2979 788 3059 ipsi
805 2972 994 3044 tribuendo.

200 3078 302 3158 Agere
317 3079 496 3157 generatim
512 3077 655 3140 dicimus
673 3078 706 3138 id
724 3096 834 3152 omne,
851 3096 918 3158 quo
934 3077 1181 3156 interveniente,
1191 3081 1252 3142 ali·

157 3195 223 3258 qua
238 3177 356 3239 accidit
380 3177 526 3250 mutatio,
543 3195 601 3238 seu
618 3177 652 3238 id
667 3194 765 3240 omne
781 3176 869 3256 quod
891 3176 988 3239 efficit
1004 3188 1040 3239 ut
1054 3180 1096 3240 sit
1121 3179 1248 3259 aliquid

157 3276 247 3357 quod
266 3276 356 3355 prius
372 3293 438 3338 nou
454 3284 534 3337 erat.
551 3274 707 3337 Aetivitas
723 3276 824 3355 igitur
837 3284 884 3337 est
895 3276 928 3336 id
939 3294 998 3356 qno
1011 3292 1106 3338 causa
1120 3277 1249 3358 efficiens

153 3374 342 3437 mutationes
355 3374 485 3435 inducit.
504 3373 587 3436 llinc
602 3373 792 3436 Aristoteles
808 3372 1001 3482 cilicienpcm
1018 3392 1147 3436 eausam
1165 3376 1248 3438 defl-

156 3474 240 3535 nivit
255 3491 262 3534 ε
277 3473 466 3552 principium
490 3474 571 3534 unde
598 3474 698 3551 primo
721 3482 818 3535 motus
833 3475 883 3550 (r),
900 3487 1018 3553 nempe
1041 3475 1191 3538 mutatio.
1209 3474 1247 3536 ln
1294 3507 1311 3526 ο

153 3572 328 3634 activitatis
343 3580 450 3632 autem
468 3570 625 3632 exercitio
640 3570 762 3632 dicitur
783 3578 868 3632 uetus
893 3572 1013 3649 primur
1027 3581 1160 3634 remotus
1176 3572 1246 3653 ipsa

154 3671 203 3732 vis
218 3670 334 3749 agendi
354 3687 361 3732 :
378 3678 464 3730 nctus
490 3670 612 3749 primus
637 3672 800 3749 proximus
830 3670 943 3732 eadem
973 3670 1032 3746 vis,
1056 3688 1159 3750 quum
1187 3673 1246 3734 ad-

154 3779 232 3830 sunt
252 3772 363 3831 omnia
385 3786 457 3847 quae
479 3769 519 3830 ad
548 3769 712 3847 agendum
741 3770 955 3848 requiruntur
973 3786 980 3832 :
998 3770 1130 3831 tandem
1158 3781 1245 3834 octus

150 3870 304 3930 secundus
334 3869 442 3947 ipsum
470 3868 644 3930 activitatis
672 3868 877 3930 exercitium.
903 3871 969 3931 lloc
997 3871 1122 3931 actuale
1152 3888 1244 3933 exer-

181 4016 214 4070 ll)
231 4014 252 4061 ll
265 4013 336 4072 Plrys.
349 4021 409 4060 text.
419 4016 456 4060 ta.
