2792 4600
177 355 238 419 aad
640 376 809 423 curandum,

175 486 342 551 formavel
359 488 392 550 in
406 487 523 552 ordine
537 490 576 552 ad
587 489 691 569 ipsam
707 490 847 553 formam
862 490 909 551 vei
920 502 1070 571 respectu
1082 493 1217 572 agentis.
1227 493 1261 557 Si

176 589 284 667 primo
300 588 399 648 modo
415 597 589 668 spectetur,
607 589 729 651 dicitur
743 590 872 651 materia
887 609 925 650 esa
938 608 1011 669 qna,
1028 597 1059 652 et
1070 591 1160 670 juxta
1177 592 1261 655 hane

170 687 397 765 acceptionem
425 705 458 748 se
486 686 581 750 babet
597 688 748 751 definitio
774 688 891 751 aliato:
908 688 935 749 si
951 691 1065 762 attero,
1080 689 1205 752 dicitur
1231 701 1262 753 et

173 787 301 847 nmteria
326 804 366 846 ex
391 805 462 866 qna,
480 797 511 847 et
526 791 654 849 materia
669 790 703 848 in
718 806 790 868 qna,
809 806 927 866 nempe
953 807 991 849 ex
1018 807 1082 868 qua
1108 781 1261 852 educitur

137 902 141 910 ·
175 883 291 958 forma,
310 883 356 943 vei
375 884 407 945 in
425 903 487 964 qua
504 898 552 947 est
568 886 693 948 forma:
712 887 738 947 si
756 886 864 959 tertio,
882 886 1004 948 dicitur
1028 889 1156 949 materia
1177 889 1261 953 circa

172 1002 277 1063 qnam,
295 1000 412 1062 nempe
428 988 514 1044 circa
530 1002 627 1063 quarn
643 992 799 1062 operatur
814 1001 924 1062 agens

215 1081 346 1144 Materia
361 1100 399 1142 er
415 1097 478 1160 qua
494 1081 644 1143 educitur
661 1081 776 1155 forma,
790 1099 863 1161 quse
879 1068 1024 1144 unacun'r
1041 1083 1111 1163 ipsa
1126 1085 1259 1147 materia
1289 1156 1293 1163 ,

174 1180 392 1261 compositum
419 1180 504 1252 iacit,
522 1179 644 1241 dicitnr
657 1179 823 1261 subjectam
837 1182 1067 1243 sustentationis
1088 1183 1138 1243 vei
1160 1184 1258 1245 inia-

172 1277 289 1342 sionis:
305 1279 348 1339 ita
372 1277 655 1367 enimrequiritur
671 1279 712 1339 ad
730 1276 843 1341 formae
860 1279 1121 1359 productionem,
1135 1289 1171 1343 ut
1186 1283 1257 1344 sine

173 1376 319 1457 subjecto
335 1375 494 1455 eiusmodi
511 1376 648 1437 existere
662 1375 766 1437 iorma
776 1394 842 1439 non
856 1377 970 1456 possit.
984 1378 1060 1440 Tale
1075 1364 1257 1458 subjectum

172 1484 221 1538 est
235 1494 265 1537 r.
281 1493 330 1554 gr.
349 1492 440 1535 mens
456 1483 604 1554 respectu
619 1474 838 1553 cogitationis,
853 1483 884 1535 et
899 1493 1044 1539 marmor
1059 1486 1113 1537 aut
1130 1478 1256 1557 iignum
1308 1538 1315 1550 ,

172 1585 227 1636 aut
242 1573 368 1653 aliquid
385 1572 572 1651 hujusmodi
591 1582 739 1652 respectu
756 1572 867 1653 figurae
883 1573 1120 1655 quuscunque.

212 1672 344 1735 Materia
357 1679 465 1733 autem
482 1673 515 1731 in
535 1687 600 1750 qua
615 1671 774 1751 recipitur
790 1672 904 1747 forma,
922 1690 995 1751 quaa
1010 1680 1116 1735 tamen
1134 1691 1199 1735 uon
1217 1693 1256 1735 ex

171 1773 241 1853 ipsa
256 1772 417 1849 educitur,
436 1770 558 1832 dicitur
568 1769 733 1849 subjectum
748 1769 980 1850 informationis
994 1771 1043 1832 vei
1059 1772 1254 1847 adboesionis,
1320 1849 1323 1853 .

171 1880 202 1934 et
215 1889 280 1934 non
294 1869 475 1951 requiritur
490 1869 529 1931 ad
547 1869 661 1932 forme
676 1869 892 1933 existentiam.
911 1870 1105 1949 Huiusmodi
1122 1880 1170 1933 est
1184 1889 1257 1935 cor·

170 1989 231 2051 pus
245 1971 424 2032 humanum
437 1977 586 2049 respectu
602 1970 721 2031 animae
732 1969 914 2033 rationalis.

210 2068 403 2131 506.F0rma
419 2068 514 2128 estid
525 2086 580 2146 per
594 2067 676 2147 qnod
690 2068 809 2147 aiiqnid
821 2069 867 2147 fit,
885 2084 1004 2148 nempe
1020 2068 1064 2145 id,
1082 2086 1149 2149 quo
1164 2086 1254 2131 acce·

169 2168 276 2240 dente,
294 2167 428 2228 materia
441 2164 689 2228 determinatam
702 2166 821 2246 accipit
833 2167 867 2228 in
881 2167 993 2247 aliquo
1005 2178 1124 2248 genere
1135 2167 1252 2231 eutita-

168 2274 256 2343 tom3
274 2266 361 2329 unde
377 2266 499 2329 dicitur
511 2264 608 2328 etiam
622 2265 704 2327 ratio
719 2254 851 2328 essentia
866 2285 922 2330 seu
935 2267 1105 2349 compositi.

207 2365 280 2430 Alia
295 2375 342 2429 est
355 2365 459 2428 forma
473 2364 694 2439 substantialis,
706 2382 778 2445 quae
789 2364 941 2428 videlicet
953 2384 1018 2428 una
1033 2366 1255 2429 cummateria

166 2466 385 2544 compositum
401 2464 613 2526 substantiale
629 2464 812 2538 constituit,
829 2472 864 2526 ut
879 2473 927 2527 est
940 2464 1085 2527 bominis
1100 2464 1249 2545 spiritus:

165 2564 229 2627 alia
243 2563 449 2636 accidentalis,
466 2573 496 2623 et
511 2574 559 2624 est
574 2578 672 2624 omne
688 2561 720 2622 id
737 2563 826 2642 quod
844 2563 982 2626 inheret
997 2562 1196 2640 substantie,
1207 2572 1252 2641 ,ut

165 2671 255 2724 actus
270 2660 399 2723 volendi
417 2671 472 2721 aut
486 2659 589 2722 color.
1059 2704 1064 2710 .

205 2759 304 2822 *etit
321 2758 447 2822 Formae
465 2757 652 2838 hujusmodi
669 2757 824 2820 dicuntur
837 2776 855 2820 a
870 2759 1035 2822 veteribus
1043 2759 1187 2841 pirpsicoe:
1198 2759 1252 2821 bis

164 2867 400 2939 opponuntur:
788 2851 792 2858 '

206 2956 238 3017 1⁰
259 2954 384 3016 Formae
399 2953 621 3034 metaphysicis,
638 2971 711 3033 quae
727 2953 886 3017 nimirum
899 2956 1117 3019 abstractione
1129 2956 1251 3018 mentis

163 3062 199 3117 ut
215 3054 327 3116 formae
339 3052 583 3132 concipiuntur.
594 3053 701 3127 Quum
716 3051 805 3113 enim
822 3070 891 3114 rem
908 3070 1005 3115 unam
1020 3054 1250 3135 eamdemque,

163 3153 220 3215 sed
237 3151 374 3213 diversis
388 3149 602 3229 conceptibus
618 3149 829 3227 intellectam,
843 3162 878 3213 ut
890 3151 1105 3231 compositam
1122 3172 1158 3215 ex
1174 3153 1250 3233 piu·⁴

163 3251 254 3313 ribus
271 3249 528 3321 consideramus,
547 3237 648 3310 unum
672 3264 800 3329 semper
822 3249 1068 3325 consideramus
1091 3260 1126 3312 ut
1148 3260 1248 3312 mate·

162 3351 257 3425 riam,
275 3357 310 3411 ut
332 3346 560 3427 imperfectum
584 3346 677 3427 quid,
704 3359 738 3408 ut
761 3348 1003 3411 inchoationem
1027 3348 1088 3422 rei,
1106 3348 1247 3411 alterum

161 3466 238 3510 vero
253 3459 289 3509 ut
304 3446 442 3508 formam
453 3444 673 3524 perficientem
688 3462 726 3506 ac
733 3455 1027 3510 consummantem.
1038 3445 1084 3508 lta
1098 3455 1248 3510 naturam

161 3541 218 3610 seu
234 3545 408 3609 essentiam
424 3543 565 3620 dicimus
582 3541 731 3611 formam,
748 3551 780 3603 et
795 3542 976 3625 subjectum
992 3545 1171 3619 materiam,
1189 3562 1246 3607 eo·

161 3645 303 3725 demque
319 3649 412 3721 pacto
424 3658 523 3719 genus
540 3649 689 3720 respectu
702 3639 894 3702 differentiae
910 3642 1078 3705 materiam
1094 3642 1247 3705 denomi-

161 3760 289 3805 namus.
844 3799 849 3818 Χ

198 3839 232 3902 2⁰
254 3839 378 3903 Formae
392 3839 578 3911 extrinsece,
596 3855 669 3918 qum
684 3836 903 3901 desumuntur
917 3857 935 3900 a
952 3837 1055 3902 forma
1071 3838 1181 3919 aliqua
1208 3836 1243 3900 in

157 3940 223 4003 alio
246 3939 393 4017 subiecto
407 3937 577 4013 existente,
596 3948 629 3999 ut
656 3955 726 4000 esse
753 3941 931 4024 cognitum,
947 3946 1004 4002 aut
1032 3940 1242 4003 honoratum.

157 4039 240 4103 Vide
255 4038 342 4099 dicta
358 4037 392 4098 in
409 4035 514 4117 logica
530 4035 570 4098 de
585 4037 749 4101 concretis
764 4036 812 4117 (L.
828 4036 892 4116 ab).
