2792 4600
421 343 508 387 trusa
530 342 690 401 snuunnuS,
716 344 809 388 olous
832 346 870 388 iv.
1133 330 1193 391 lib

99 459 164 519 tur,
176 450 346 515 Etenimv.
364 474 411 532 gr.
422 455 510 518 bruti
524 476 643 536 corpus
655 458 727 520 sine
743 446 888 536 ejusdem
905 459 1014 521 anima
1027 459 1061 521 in
1078 479 1189 523 rerum

100 559 219 611 natura
235 561 357 626 manet,
375 553 486 616 ethaeo
502 545 568 639 duo
592 545 722 616 realiter
739 555 988 632 distinguuntur
1006 575 1014 619 t
1029 577 1046 617 e
1063 567 1192 620 contra·

23 646 24 651 ’
100 647 152 709 riu
169 650 337 727 quantitas
350 663 457 713 manet
473 662 546 731 post
561 653 731 725 sublatam,
743 652 877 714 alterius
893 655 1084 734 quantitatis
1098 654 1192 718 addi-

100 745 205 823 tione,
223 740 362 828 tiguram
379 768 477 830 quam
497 751 589 830 prius
611 751 768 831 habebat;
784 750 927 832 itemque
943 754 1192 818 fundamentum

23 874 24 879 ¹
101 842 337 909 similitudinis
353 860 472 922 manet,
488 851 564 912 licet
576 850 760 937 similitudo
773 862 875 913 cesset
888 851 1017 915 sublato
1033 853 1193 930 termin0;

101 940 327 1009 nibilominus
350 965 411 1009 nec
437 947 570 1027 figurae
596 950 785 1029 quantitate,
811 967 870 1010 nec
896 948 1081 1012 similitudo
1097 970 1115 1014 a
1131 971 1191 1014 suo

101 1040 321 1108 fundamento
347 1046 479 1109 realiter
505 1047 730 1126 distinguitur.
749 1047 849 1128 igitur
873 1050 1099 1129 separabilitas
1125 1051 1193 1113 baec

101 1160 171 1206 non
202 1153 308 1224 potest
339 1144 452 1208 haberi
478 1155 634 1226 tanquam
665 1148 762 1208 realis
789 1147 1012 1211 distinctionis
1030 1149 1192 1211 iudicium

102 1241 295 1307 indubium.
314 1243 377 1306 Sed
393 1244 434 1305 de
448 1244 511 1307 boc
525 1244 617 1306 alibi.

140 1336 228 1403 Nota
242 1341 274 1402 2⁰
300 1341 448 1422 quamvis
477 1341 701 1421 separabilitas
724 1351 837 1406 mutua
852 1353 883 1405 et
898 1344 1092 1406 simultanea
1108 1346 1191 1423 (929,

101 1439 145 1518 2⁰)
164 1440 264 1503 unius
280 1440 320 1501 ab
334 1440 436 1502 altero
463 1440 688 1504 distinctionis
705 1442 801 1502 realis
815 1443 855 1504 sit
872 1443 1002 1506 evidens
1016 1443 1190 1520 indicium,

102 1550 297 1603 nontamen
321 1538 498 1603 vicissima
526 1539 740 1602 distinctione
769 1540 848 1602 reali
867 1560 961 1621 posse
978 1542 1133 1605 concludi
1151 1543 1191 1605 ad

104 1637 395 1717 separabilitatem‚
423 1646 511 1698 aute
534 1637 700 1699 contrario
724 1637 763 1697 ab
781 1636 1063 1718 inseparabilitate
1076 1640 1137 1701 bac
1152 1640 1191 1701 ad

105 1722 459 1800 identitatem.Eteni1n
477 1744 541 1797 tres
557 1735 676 1796 divinae
692 1754 840 1816 persona
856 1745 932 1800 sunt
944 1736 1028 1800 inter
1045 1757 1078 1800 se
1094 1738 1192 1800 reali·

105 1845 154 1896 ter
170 1833 342 1909 distinctae,
361 1853 421 1896 nec
433 1844 539 1895 tamen
554 1834 765 1913 separabiles.

540 2000 703 2047 Anniculus
717 2003 747 2047 V.

440 2114 483 2175 De
497 2115 691 2176 distinctione
706 2116 848 2178 rationis.

145 2229 216 2292 tat.
231 2229 406 2293 Distinctio
422 2230 559 2293 rationis
571 2231 900 2312 estcurentiaunitutir
912 2232 993 2293 inter
1002 2231 1105 2313 plures
1119 2251 1190 2292 cou-

104 2341 204 2411 ccptus
219 2331 350 2413 ejusdem
364 2332 408 2392 rei
423 2349 502 2394 :seu
518 2329 592 2392 aliis
620 2329 740 2403 verbis,
758 2330 804 2390 rei
832 2328 931 2391 unius
951 2329 1189 2409 multiplicitas,

106 2433 214 2510 prouti
225 2431 341 2493 subest
357 2430 476 2491 utentis
492 2428 716 2509 conceptibus.
736 2429 809 2490 Haec
823 2428 922 2508 igitur
938 2428 1107 2490 distinctio
1124 2445 1190 2491 nou

106 2540 151 2594 est
167 2531 202 2592 in
217 2549 263 2605 re,
292 2529 349 2592 sed
380 2529 546 2609 punitura
572 2539 692 2601 mente,
721 2527 984 2608 quotiescunque
1007 2528 1191 2608 perplures

106 2638 281 2709 conceptus
297 2646 366 2690 rem
382 2626 522 2715 attingit.
552 2629 619 2689 Hoc
635 2625 723 2688 enim
740 2627 959 2706 cognoscendi
977 2625 1138 2701 modom,
1157 2633 1191 2687 ut
1296 2687 1298 2692 .

105 2728 279 2808 objectum,
298 2729 331 2787 iu
348 2736 432 2788 statu
461 2724 616 2787 realitatis
639 2743 753 2798 unum,
781 2723 1057 2806 multiplicitatem
1075 2743 1190 2805 quam·
1224 2754 1227 2762 ·

105 2828 178 2890 dam
195 2828 229 2889 in
245 2835 328 2888 statu
345 2823 443 2886 ideali
460 2823 608 2905 acquirat
621 2842 628 2899 ;
640 2835 674 2886 ut
689 2843 718 2887 v.
738 2842 785 2903 gr.
805 2842 907 2904 quum
926 2824 1092 2886 bominem
1111 2841 1189 2885 con·

107 2927 214 2990 sidero
234 2936 269 2989 ut
291 2926 516 2998 substantiam,
540 2932 573 2986 ut
602 2922 734 2996 animal,
750 2931 785 2985 ut
812 2924 983 2999 rationale,
1002 2931 1037 2985 ut
1062 2929 1189 2984 creatu·

107 3045 194 3101 ram;
209 3027 258 3087 vel
276 3026 378 3087 Deum
395 3033 431 3086 ut
445 3025 636 3105 sapientem
651 3031 686 3085 ut
706 3021 842 3101 justum,
861 3031 895 3084 ut
912 3022 1109 3084 immensum
1127 3030 1188 3084 etc.

109 3125 233 3189 idcirco
246 3123 413 3184 distinctio
430 3123 499 3183 baec
514 3119 652 3188 rationis
669 3138 740 3181 esse
756 3119 889 3200 dicitur

147 3224 218 3288 252.
236 3223 362 3303 Duplex
388 3230 435 3283 est
462 3220 631 3281 distinctio
662 3218 824 3282 rationis:
840 3219 973 3281 alteram
1003 3181 1118 3279 vocant
1140 3216 1190 3277 di-

23 3315 24 3334 ³
113 3322 315 3385 stinctiouem
325 3337 403 3400 pure
417 3297 587 3393 mentalem,
602 3327 726 3380 veteres
753 3317 910 3379 vocabant
924 3318 1054 3378 rationis
1064 3316 1191 3380 ratioci-

113 3421 228 3496 nantis3
250 3419 384 3481 alteram
410 3436 478 3479 cum
504 3418 705 3497 fundamento
727 3417 762 3477 ia
787 3436 829 3491 re,
862 3425 893 3478 et
917 3415 1016 3478 veteri
1032 3415 1190 3479 vocabulo

114 3518 454 3582 rationisrutiocinutae.
1258 3588 1262 3595 Ι

155 3617 255 3679 Prima
271 3617 339 3678 fita
359 3617 498 3690 ratione,
517 3632 618 3694 quum
635 3632 703 3675 rem
720 3613 874 3694 exprimit
898 3612 1049 3692 pluribus
1074 3619 1191 3675 conce·v

23 3727 24 3736 ’
86 3789 91 3795 ,
119 3716 230 3797 ptibus,
258 3715 313 3777 sed
331 3732 396 3777 non
412 3713 571 3777 diversis:
590 3713 707 3795 inquo
735 3713 844 3794 potius
864 3713 982 3791 repetit
996 3721 1191 3793 conceptum

23 3853 24 3898 3
121 3833 222 3889 unum,
237 3832 370 3894 unoque
394 3823 549 3893 tanquam
567 3812 717 3891 pluribus
734 3813 847 3886 utitur,
871 3828 969 3892 quam
995 3829 1064 3872 rem
1092 3829 1189 3873 unam

23 3905 24 3928 ³
122 3914 152 3975 iu
166 3913 266 3993 plures
278 3921 455 3989 conceptus
482 3912 618 3974 dividat.
636 3913 716 3975 'Hac
735 3911 947 3972 distinctione
965 3926 1057 3970 mens
1073 3909 1188 3983 utitur,

23 4037 24 4040 ¹
123 4030 212 4092 quum
224 4011 302 4073 ideae
318 4011 445 4073 definiti
462 4010 687 4073 definitionem
705 4009 858 4090 applicat,
868 4007 981 4071 dicens
996 4025 1026 4070 v.
1043 4025 1091 4088 gr.
1103 4010 1191 4070 bomo
