2792 4600
165 290 230 358 350
605 304 797 355 cosuonocu.

167 420 314 501 spuerio,
331 439 369 483 ae
391 420 542 485 tenebras
564 419 701 500 reliquit
719 420 754 482 in
775 415 891 485 altero.
913 422 1050 503 Semper
1070 423 1209 503 proinde
1226 424 1262 487 in

168 527 256 581 terra
269 527 300 581 ot
316 518 387 582 dies
403 518 465 582 fuit
479 526 511 580 et
527 517 589 582 luit
603 535 681 581 nox.

210 620 245 681 4⁰
261 620 397 681 Domum
421 617 564 697 vulgaris
591 614 818 696 interpretatio
845 633 1000 695 magnum
1016 617 1081 681 boe
1095 618 1193 681 babet
1209 619 1262 682 ln·

169 716 396 792 commodum,
413 716 502 796 quod
518 714 676 796 geologiae
697 713 969 778 conclusionibus
992 717 1075 793 talo)
1095 720 1264 779 contraria

169 823 238 888 θεῖς
260 834 298 878 ac
319 825 492 897 propterea
514 815 629 895 siquis
651 817 680 877 ei
705 813 915 894 pertinaciter
937 814 1099 878 inhaerere
1119 809 1208 891 ielis,
1233 816 1263 878 is

170 913 389 977 nobilissime
414 913 559 976 soientiae
586 912 710 974 bellum
736 911 860 973 indicat
885 920 1025 992 oportet.
1054 912 1087 976 ld
1114 914 1203 995 quod
1225 914 1263 975 in

171 1011 292 1075 divinae
307 1014 479 1095 scripture
492 1011 762 1091 interpretatione
776 1010 957 1094 cavendum
974 1012 1115 1074 maxime
1130 1030 1265 1095 semper

171 1123 285 1191 patres·
306 1121 516 1185 censuerunt,
543 1119 640 1191 atque
667 1109 836 1190 inprimis
860 1110 1062 1189 Augustinus
1076 1115 1114 1189 (t)
1128 1120 1161 1174 et
1175 1113 1265 1176 Tbo-

159 1227 242 1283 ¹tnas
261 1212 310 1290 (a).
901 1229 905 1234 ·

213 1308 286 1372 516.
304 1309 338 1373 Si
352 1309 426 1389 quis
444 1311 501 1370 bas
515 1326 630 1371 omnes
643 1305 849 1369 difficultates
860 1305 1024 1370 declinare
1036 1318 1092 1371 aut
1106 1325 1265 1388 superare

170 1424 207 1470 se
230 1424 324 1487 posse
347 1417 448 1488 putat,
476 1405 651 1470 asserendo
672 1423 730 1483 per
756 1404 951 1466 miraculum
981 1422 1051 1467 esse
1075 1404 1194 1467 lactum
1225 1406 1262 1469 id

169 1522 271 1584 omne
285 1505 373 1587 quod
391 1505 477 1568 intra
492 1524 547 1568 sex
562 1504 638 1567 illos
654 1503 725 1567 dies
741 1502 944 1565 naturalibus
965 1503 1089 1566 viribus
1105 1504 1175 1572 fieri
1192 1522 1266 1569 non

169 1613 309 1685 poterat,
328 1604 407 1666 buic
422 1603 530 1685 primo
545 1621 620 1666 oum
636 1601 790 1664 Suaresio
805 1600 1079 1681 respondebimus
1095 1620 1105 1667 2
1124 1624 1138 1660 ι
1156 1602 1266 1683 Opera

173 1703 412 1766 «miraculosa
439 1702 488 1765 vel
526 1700 787 1772 extraordinaria
815 1699 940 1780 absque
980 1700 1170 1764 necessitate
1210 1702 1264 1763 vel

172 1824 188 1857 ι
212 1799 386 1863 sufficienti
417 1800 606 1863 testimonio
635 1798 800 1861 audienda
829 1816 896 1861 non
924 1800 1071 1877 sontis).
1097 1823 1111 1857 r
1138 1800 1264 1862 Deinde

168 1899 373 1981 videantqui
391 1899 607 1973 besentioni,
628 1917 669 1960 an
691 1897 732 1960 de
747 1897 814 1960 ileo
836 1897 934 1978 digne
960 1896 1137 1978 loquantur
1157 1917 1265 1979 quum

168 1998 248 2060 talia
263 1999 325 2079 ipsi
354 1997 514 2061 miracula
536 1997 746 2071 adscribunt;
762 2015 836 2078 quae
859 1997 1018 2061 nimirum
1035 1998 1265 2078 putentissimo

167 2097 329 2177 sapientia
355 2097 388 2159 in
405 2115 479 2160 eurn
504 2096 603 2159 linem
619 2096 775 2173 effecerit,
790 2109 826 2159 ut
839 2097 889 2159 vel
916 2114 1031 2160 recens
1056 2096 1264 2161 arefactum

167 2213 253 2276 opus
269 2195 459 2275 corrigeret,
476 2194 525 2258 vel
542 2195 704 2258 absurdos
730 2196 864 2257 ollactus
880 2213 898 2258 a
913 2195 982 2257 suis
1008 2195 1088 2276 ipsis
1104 2197 1264 2277 operibus

167 2294 373 2358 dimanantes
401 2294 589 2375 impediret,
616 2294 776 2357 miracula
798 2313 870 2374 quae
886 2293 1013 2375 legibus
1028 2305 1151 2373 naturae
1166 2296 1264 2361 dero·

165 2401 282 2473 garant
297 2394 331 2455 in
348 2393 420 2474 ipso
435 2405 559 2457 naturae
574 2412 611 2457 ao
625 2412 737 2458 rerum
752 2405 879 2472 exortu,
889 2413 992 2476 quum
1007 2397 1149 2475 maxime
1163 2415 1264 2462 suum

167 2493 290 2571 cuique
315 2510 426 2555 rerum
448 2494 559 2573 generi
577 2493 712 2556 modum
729 2503 826 2574 atque
841 2492 994 2556 ordinem
1007 2496 1091 2558 Deus
1109 2497 1260 2575 praescri·

169 2589 280 2668 beret;
307 2610 445 2673 queque
472 2592 591 2673 partim
617 2592 657 2654 ad
684 2592 933 2656 accelerandum
959 2594 1135 2658 creationis
1160 2597 1260 2678 opili-

167 2687 271 2764 cium,
285 2693 403 2770 partim
415 2689 455 2752 ad
469 2689 701 2753 retardandum
714 2691 840 2755 fierent.
853 2691 990 2756 Videant
1004 2711 1045 2756 an
1059 2694 1129 2758 brec
1140 2698 1258 2777 egendi

166 2787 253 2850 ratio
268 2787 367 2868 digna
381 2787 423 2849 sit
449 2787 522 2864 lllo,
539 2788 595 2870 qui
613 2789 662 2852 vel
679 2808 747 2853 nno
763 2790 937 2854 volontatis
952 2810 1019 2855 suae
1045 2803 1128 2857 nutu
1144 2797 1259 2876 omnia

167 2882 276 2947 iacere
291 2886 456 2965 quaevult,
474 2886 520 2948 vel
546 2886 788 2967 sapientissime
815 2890 847 2951 in
874 2889 983 2952 causis
1008 2891 1185 2972 disponere
1210 2893 1258 2958 la·

166 2984 287 3048 cienda
299 2994 416 3066 potest.

210 3085 284 3148 ott.
299 3086 377 3148 Cum
392 3085 491 3166 igitur
503 3086 667 3166 vulgarem
680 3106 735 3152 sex
747 3088 878 3153 dierum
890 3092 1193 3172 interpretationem
1209 3105 1258 3163 tot

166 3191 300 3265 tamque
315 3202 425 3286 graves
447 3185 654 3250 difficultates
679 3197 841 3268 premant,
860 3189 894 3251 in
910 3208 947 3253 ea
962 3190 1055 3256 nullo
1071 3202 1164 3273 pacto
1176 3213 1257 3260 oon·

198 3333 228 3386 (i)
239 3347 251 3372 r
263 3332 315 3377 iloc
329 3331 496 3379 indubitanter
514 3334 645 3379 tenendum
667 3341 713 3390 est,
732 3341 759 3381 ut
768 3335 883 3395 quidquid
895 3337 1017 3395 rapientes
1028 3338 1101 3398 liuius
1120 3342 1205 3389 mundi
1226 3344 1258 3393 de

166 3420 183 3450 ι
196 3413 284 3451 natura
296 3417 376 3453 rerum
398 3409 513 3454 veraciter
532 3408 701 3456 demonstrare
713 3409 845 3468 potuerint,
855 3411 1012 3459 ostendamus
1022 3413 1111 3461 nocuis
1128 3415 1196 3463 libris
1206 3430 1258 3467 non

168 3496 182 3525 ι
198 3492 252 3527 esse
262 3479 418 3527 contrarium.
431 3498 443 3523 s
454 3482 488 3529 De
500 3483 559 3530 Gen.
570 3483 602 3529 od
612 3481 649 3529 lit.
661 3483 712 3531 tit.
723 3482 742 3530 l.
761 3495 782 3530 c.
803 3484 870 3532 xxi.
881 3485 989 3545 ldipsum
1000 3486 1070 3535 docet
1080 3488 1191 3547 pluribus
1200 3492 1257 3540 aliia

168 3553 237 3602 locis.
905 3555 908 3561 ’

198 3629 248 3680 (rte
265 3626 325 3673 cour
336 3629 455 3684 scriptura
466 3627 546 3674 dirius
565 3630 733 3688 multipliciter
741 3630 831 3688 exponi
843 3630 927 3690 possit,
937 3631 999 3679 nulli
1009 3634 1156 3694 expositioni
1167 3637 1257 3699 aliquis

166 3718 181 3747 ι
196 3703 233 3750 ita
241 3701 341 3760 praeire
349 3701 472 3758 luberent,
483 3709 510 3749 ut
520 3702 542 3750 si
552 3712 618 3751 eerta
627 3705 724 3752 ratione
732 3705 867 3753 coustituit
876 3705 983 3755 bornae
992 3708 1081 3756 falsum
1090 3711 1156 3770 quod
1166 3712 1257 3773 aliquia

164 3791 180 3821 ι
196 3788 296 3822 sensum
304 3774 618 3835 scripturaesseeredebat·
627 3776 652 3824 id
660 3777 818 3839 nibilominus
825 3791 934 3828 asseram
944 3790 1083 3841 prasumat,
1091 3788 1257 3846 necmiptura

167 3869 181 3893 a
196 3863 227 3897 ex
237 3850 282 3896 boc
292 3849 323 3895 ab
334 3849 472 3897 infidelibus
480 3851 628 3910 derideatur,
636 3860 662 3900 et
674 3865 706 3901 ne
715 3853 752 3901 eis
762 3852 799 3901 ria
809 3853 925 3902 credendi
941 3856 1104 3916 praeludatur
1118 3861 1207 3910 ’sume
1220 3862 1259 3910 tit.

149 3925 253 4009 dalo-
267 3923 456 3987 millam-l.
846 3920 854 3938 '
1184 3939 1187 3943 ’

128 4004 134 4017 ’
194 4000 224 4056 (a)
236 3999 349 4058 deopere
358 4009 403 4046 tes
416 3999 650 4050 uter.t.11.e.ttl.
