2792 4600
207 325 246 387 50
659 340 830 386 curensem.

206 458 289 538 ligit,
308 456 414 518 ideam
437 455 565 516 numeri
600 455 766 531 efformat;
791 474 948 519 numerus
974 456 1063 518 enim
1086 467 1134 518 est
1162 457 1300 518 collectio

189 556 372 618 unitatum.
392 553 560 643 Elementa
576 572 676 633 porro
692 555 814 635 quibus
834 555 963 618 numeri
985 555 1058 617 idea
1073 562 1210 629 constat,
1228 556 1300 617 lraec

204 653 351 715 triasunt
365 669 372 715 ε
387 653 419 714 1⁰
429 653 552 727 naiton
563 670 638 714 nam
650 653 814 715 unitatum
826 654 1158 734 aggregatiointelligi
1169 653 1297 734 nequit,

206 749 271 812 nisi
289 750 363 813 idea
379 750 540 830 praecedat
555 750 711 814 unitatis:
728 753 761 814 2⁰
775 752 904 826 divisim
919 753 1040 814 etenim
1052 771 1089 816 ea
1101 753 1208 815 solnm
1225 770 1299 832 quae

207 848 436 928 aliquomodo
452 848 553 911 divisa
578 849 707 911 suntab
723 850 874 918 invicem,
892 852 995 912 multa
1010 860 1086 913 sunt
1102 850 1163 930 (98)
1182 867 1189 913 ε
1207 850 1240 912 3⁰
1256 851 1316 911 ei··

206 946 349 1009 mititudo
375 948 485 1028 aliqua
500 966 555 1010 sen
570 949 678 1011 unitos
692 948 790 1029 lepico
807 951 852 1025 (L.
875 947 1023 1026 denset)
1041 951 1232 1024 multorum,
1248 949 1298 1009 vel

207 1047 388 1110 secundum
408 1049 554 1128 aliquam
573 1049 731 1110 rationem
759 1048 1022 1121 determinatam,
1042 1049 1091 1110 vel
1114 1047 1229 1110 saltem
1250 1066 1298 1109 se·

208 1145 354 1207 cundum
387 1145 672 1207 indeterminatam
706 1144 791 1206 entis
820 1142 1002 1222 rationem3
1034 1147 1106 1208 sine
1128 1146 1190 1207 hac
1212 1147 1300 1207 enirn

210 1243 429 1305 similitudine
452 1243 592 1306 unitates
615 1261 681 1306 non
705 1253 843 1327 possent,
861 1245 894 1305 in
919 1262 1022 1305 unum
1045 1243 1168 1324 colligi.
1194 1245 1300 1318 Quum
1386 1282 1387 1287 κ

209 1342 394 1404 similitudo
422 1342 637 1413 determinata
664 1342 909 1419 consideratur,
945 1360 1102 1406 numerus
1143 1340 1300 1424 appellari

210 1442 291 1503 solet
315 1449 481 1516 concretae,
508 1447 543 1501 nt
567 1441 628 1501 duo
650 1441 799 1515 leemites,
825 1449 884 1502 tres
905 1443 1000 1522 eqni:
1022 1458 1125 1521 quum
1156 1440 1302 1503 indeter·
1386 1470 1387 1515 3

209 1541 331 1602 minata
358 1549 406 1602 est
425 1539 623 1614 similitudo,
653 1558 770 1620 nempe
799 1559 901 1621 quum
925 1541 1020 1620 plura
1049 1539 1304 1603 considerantur
1386 1532 1387 1585 ἕ

209 1638 271 1700 sub
293 1638 534 1701 transcendenti
560 1642 693 1701 notione
715 1639 792 1700 entis
814 1648 844 1700 et
872 1639 928 1713 rei,
953 1656 1109 1700 numerus
1132 1638 1304 1699 obstruetur

210 1745 430 1815 nuncupatur.
1386 1720 1387 1729 ἵ

252 1834 263 1857 *
286 1834 357 1897 tot.
381 1831 488 1904 Quum
519 1834 619 1913 igitur
633 1833 803 1895 collective
825 1833 1029 1913 percipimus
1045 1848 1147 1895 nuum
1164 1840 1196 1894 et
1223 1833 1303 1893 alte·
1386 1856 1387 1901 r

212 1949 296 2003 rum,
315 1932 371 1993 sed
396 1949 499 1993 unum
517 1933 624 2010 quoad
648 1931 774 2010 aliquid
792 1930 883 1992 alteri
907 1931 1028 2008 simile,
1049 1932 1118 1993 haec
1133 1931 1304 1994 collectiva
1386 1938 1387 2003 l

211 2029 379 2110 perceptio
396 2029 502 2090 ideam
523 2029 645 2108 praebet
670 2028 797 2091 numeri
814 2033 884 2091 duo.
908 2029 975 2090 lloo
991 2036 1084 2108 pacto
1106 2031 1168 2092 trio
1184 2038 1215 2091 et
1228 2048 1303 2109 quo·
1386 2078 1387 2101 ,

209 2138 279 2190 tuor
294 2128 392 2188 simul
412 2127 624 2208 percipimus,
642 2129 668 2188 si
685 2128 733 2188 vis
752 2128 854 2189 menti
878 2136 1028 2206 suppetat
1047 2127 1087 2189 ad
1116 2129 1185 2190 heec
1208 2127 1304 2208 plura
1386 2186 1387 2201 ,

209 2227 307 2310 simul
321 2236 352 2288 et
364 2226 518 2288 distincte
526 2225 785 2306 complectenda.
797 2228 903 2301 Quum
916 2227 963 2287 vis
977 2227 1046 2287 haec
1058 2226 1167 2288 deficit
1176 2225 1300 2304 <deficit

210 2333 318 2385 autem
344 2332 380 2386 ut
413 2324 592 2403 plurimum
629 2323 686 2384 ubi
716 2324 753 2384 ad
785 2324 919 2404 quinque
948 2324 996 2385 vel
1025 2343 1080 2385 een
1108 2334 1298 2405 perventum
1386 2327 1387 2334 ’

209 2422 318 2499 fuerit)
334 2421 581 2484 multitudinem
597 2421 630 2482 in
647 2439 803 2484 numeros
815 2423 881 2500 jam
899 2432 993 2484 notos
1009 2422 1198 2496 dividimus,
1214 2431 1300 2484 etex

211 2521 329 2584 horum
338 2518 508 2583 addi—tione
516 2519 648 2582 altiores
661 2537 816 2582 numeros
828 2520 1047 2599 concipimus,
1057 2529 1301 2599 conceptosque

210 2620 312 2700 signis
334 2618 616 2681 commendamus.
640 2617 719 2679 Sine
748 2619 848 2697 signis
874 2621 964 2681 enim
986 2637 1046 2680 nec
1070 2619 1163 2681 valde
1185 2637 1301 2681 nume·

209 2719 314 2780 raudo
331 2717 495 2797 progredi,
514 2735 574 2779 nec
590 2735 805 2779 numerorum
818 2717 993 2779 relationes
1009 2734 1206 2796 cognoscere
1219 2717 1300 2778 lice·
1386 2755 1387 2760 κ

209 2824 270 2878 ret.
289 2803 356 2878 Hoc
387 2828 479 2897 pacto
504 2836 534 2878 v.
552 2834 599 2894 gr.
617 2817 766 2895 quinque
785 2816 991 2896 concipimus
1008 2826 1043 2877 ut
1068 2825 1209 2895 quatuor
1225 2815 1302 2895 plus
1386 2811 1387 2816 ’

210 2931 325 2988 unum,
344 2933 399 2976 sex
411 2923 446 2976 nt
461 2914 610 2995 quinque
626 2915 699 2994 plus
715 2932 832 2988 unum,
849 2923 881 2975 et
896 2915 939 2975 ita
956 2916 996 2975 de
1012 2914 1137 2975 eaeteris
1152 2916 1201 2991 (r).
1329 2975 1331 2978 ,

250 3016 261 3035 ’
284 3012 355 3077 105.
380 3013 425 3074 Ex
440 3013 491 3073 his
506 3013 647 3075 deduces
665 3014 695 3073 l⁰
710 3014 888 3075 Numerum
902 3031 971 3074 csse
985 3014 1019 3073 in
1033 3011 1131 3073 rebus
1142 3020 1306 3091 tanquam·
1386 3047 1387 3076 3

209 3113 309 3173 insui
329 3112 554 3186 fundamento,
572 3130 690 3192 nempe
707 3120 868 3191 quatenus
892 3128 943 3172 res
959 3121 1034 3172 sunt
1062 3109 1301 3170 numerabiles.
1386 3137 1387 3180 ,

208 3210 271 3271 Res
286 3211 375 3271 enim
388 3221 464 3271 sunt
476 3208 709 3281 numerabiles,
724 3219 885 3288 qnatenus
900 3209 1001 3269 altera
1015 3207 1056 3267 ab
1067 3206 1167 3268 altera
1180 3205 1302 3267 distin-

208 3307 331 3386 guitur,
345 3318 377 3367 et
391 3308 491 3368 altera
503 3307 595 3368 alteri
611 3307 732 3369 similis
748 3316 795 3367 est
812 3324 820 3370 2
838 3325 910 3384 quae
923 3304 1057 3383 quidem
1069 3305 1135 3367 dno
1148 3323 1199 3366 res
1214 3324 1254 3366 ex
1266 3321 1303 3364 se

211 3403 343 3465 habent.
361 3404 424 3466 Sed
440 3404 496 3464 illa
512 3406 620 3465 unitas
646 3404 861 3476 collectionis,
882 3421 946 3482 qua
966 3404 1094 3465 numeri
1119 3412 1304 3482 conceptus

143 3491 147 3498 ’
210 3501 403 3574 absolvitur,
424 3500 604 3561 extrinseca
628 3505 676 3562 est
698 3500 807 3572 rebus,
829 3508 859 3560 et
882 3517 899 3559 a
922 3509 1030 3563 mente
1050 3502 1171 3583 prodit,
1195 3518 1304 3583 quum

211 3587 305 3679 plura
329 3599 495 3660 collectim
518 3607 549 3659 et
570 3598 632 3659 sub
655 3597 886 3672 similitudine,
911 3617 1008 3678 quam
1032 3617 1097 3680 prae
1119 3620 1154 3663 se
1177 3599 1301 3673 lerunt,

210 3701 364 3784 percipit.

252 3802 285 3862 ⁹2⁰
306 3800 486 3863 Numerum
503 3813 521 3855 a
539 3812 641 3884 ¹sensu
664 3813 730 3857 non
753 3796 893 3878 percipi.
918 3796 1109 3880 Quanquam
1132 3800 1223 3862 enim
1240 3817 1304 3861 suo

211 3895 310 3958 modo
327 3912 441 3956 sensns
457 3909 530 3972 quae
546 3891 639 3970 plura
655 3900 731 3953 sunt
746 3894 912 3974 percipere
929 3898 1041 3978 possit,
1059 3899 1174 3979 nequit
1190 3908 1303 3959 tamen

241 4009 273 4065 ll)
284 4007 320 4054 Gi.
333 4007 426 4053 Balmes
437 4005 481 4052 Fit.
491 4002 704 4060 reinduturus.
717 4004 743 4059 V,
754 4015 803 4062 seq.
