2792 4600
228 395 289 459 308
679 408 869 455 cosuonoen.

223 523 428 587 admittenda
448 522 617 588 distinctio
643 523 781 599 videtur,
804 541 903 603 quarn
925 521 1005 585 alibi
1035 522 1180 585 diximus
1201 522 1319 609 renum

203 623 375 687 ‚madenia
390 620 439 699 (0.
462 621 534 698 228,
559 624 615 701 2⁰),
636 621 795 701 quaeritur
817 620 1019 701 inquesita
1040 620 1083 682 sit
1104 620 1172 683 lraec
1191 618 1319 681 distin·

222 719 303 783 ctio.

265 816 347 881 uota
360 820 393 882 10
408 818 458 898 agr
477 818 532 880 ire
546 818 587 881 ee
603 817 816 889 distinetione
831 817 1261 881 daraemodifieanonisnon
1276 816 1317 877 in
1339 886 1341 888 ,
1386 793 1387 836 ³

223 934 344 997 genere
358 916 583 993 considerate,
601 916 657 980 sed
673 916 709 978 in
723 916 913 993 individuo,
931 936 960 979 v.
974 935 1023 997 gr.
1038 917 1136 996 buius
1147 914 1316 977 albedinis

223 1014 265 1076 ab
282 1015 343 1077 hac
357 1018 480 1089 charta,
497 1026 529 1078 et
544 1016 633 1079 illius
649 1016 881 1095 spherieitatis
896 1015 937 1078 ab
954 1015 1009 1077 illa
1025 1034 1111 1080 cera.

265 1116 347 1179 Nota
359 1111 394 1176 2⁰
406 1115 503 1177 aliam
519 1133 589 1177 esse
604 1119 832 1195 quaestionem,
845 1116 873 1177 si
886 1133 1012 1196 aneras
1027 1132 1034 1180 :
1053 1114 1221 1195 quomodo
1231 1114 1315 1176 sub·

223 1214 343 1278 stantia
357 1213 469 1275 helene
483 1223 597 1276 certum
610 1214 743 1294 aliquem
763 1215 897 1288 nodum,
919 1215 977 1275 sed
997 1214 1135 1292 cogitata
1150 1212 1222 1275 sine
1236 1212 1313 1286 illo,

223 1312 397 1377 abeodem
412 1312 512 1376 modo
527 1312 763 1391 distinguatur3
786 1313 885 1374 aliam
904 1330 993 1388 vero,
1014 1312 1042 1374 si
1060 1327 1209 1392 quaeras:
1226 1327 1314 1391 quo

223 1409 324 1474 modo
339 1409 521 1472 substantia
544 1428 609 1472 non
629 1410 743 1473 liabens
757 1418 872 1473 certum
896 1410 1028 1490 aliquem
1051 1410 1174 1486 modurn
1192 1407 1317 1472 abhoc

226 1509 299 1589 ipso
314 1507 546 1588 distinguatur.

264 1607 337 1670 nit.
362 1609 471 1671 Prima
486 1607 624 1688 questio
645 1607 790 1670 solvetur
810 1607 1043 1688 respondendo
1063 1606 1313 1671 distinctionem

224 1707 316 1769 illam
329 1723 399 1768 esse
414 1705 640 1773 tantummodo
655 1707 799 1770 rationis.
816 1706 891 1769 llaec
903 1707 993 1769 enim
1009 1706 1075 1769 duo
1089 1726 1119 1769 v.
1135 1724 1185 1787 gr.
1201 1715 1314 1769 rotun·
1386 1765 1387 1770 ,

222 1807 297 1868 dnm
310 1814 341 1868 et
356 1805 530 1868 rotunditas
545 1805 579 1868 in
598 1805 661 1869 hoo
675 1814 802 1868 tantum
824 1807 991 1880 differunt,
1010 1806 1097 1886 qnod
1114 1806 1260 1887 primum
1276 1804 1315 1867 in

222 1911 314 1966 recto
329 1903 484 1983 exprimit
497 1901 725 1993 substantiam,
749 1904 784 1965 in
800 1904 938 1985 obliquo
954 1905 1089 1968 modum
1107 1904 1153 1984 (L.
1171 1905 1221 1980 75,
1237 1905 1284 1982 4⁰)
1301 1922 1312 1981 ;
1335 1961 1337 1964 .

203 2001 362 2063 >alterum
388 2018 466 2062 vero
494 2000 528 2062 in
545 2009 635 2064 recto
661 2002 810 2077 modum,
826 2014 858 2064 et
873 2004 918 2063 «in
934 2002 1071 2081 obliquo
1097 2002 1314 2064 substantiam

220 2099 271 2177 (0.
290 2098 372 2176 lll);
390 2117 462 2178 quae
478 2098 613 2178 quidem
630 2098 815 2162 differentia
830 2099 1078 2162 distinctionem
1089 2101 1197 2163 solnm
1212 2100 1314 2163 ratio-

221 2198 276 2260 nis
287 2198 468 2261 constituit.
481 2197 550 2260 lam
566 2216 640 2261 cera
655 2217 729 2279 quae
740 2210 788 2263 est
798 2198 939 2263 rotunda
951 2209 983 2260 et
997 2199 1181 2262 rotunditas
1195 2199 1314 2263 eadem

223 2296 361 2360 omnino
378 2294 506 2361 ratione
528 2294 614 2360 inter
628 2315 663 2360 se
683 2298 850 2372 differunt,
867 2299 1096 2361 acrotundum
1110 2309 1142 2360 ct
1160 2295 1315 2361 rotundi·

222 2401 284 2458 tas.
302 2395 396 2475 Ergo.

263 2494 336 2558 iii.
363 2494 411 2558 Ad
439 2495 654 2575 questionem
682 2496 817 2559 alteram
832 2495 1028 2578 respondeo,
1056 2496 1172 2560 modos
1196 2512 1315 2560 omnes

223 2610 388 2674 corporeae
400 2593 600 2669 substantiae,
615 2602 649 2656 ut
664 2613 703 2656 ex
719 2595 816 2658 dictis
832 2595 915 2674 (ili,
933 2599 1016 2675 seq.)
1032 2604 1128 2675 patet,
1144 2595 1225 2659 sitos
1238 2613 1312 2661 esse

223 2691 258 2754 in
271 2691 384 2769 aliquo
400 2702 548 2771 respectu
559 2692 609 2754 vel
623 2692 728 2773 ipsius
744 2693 933 2756 substantiae
945 2694 985 2756 ad
1008 2695 1083 2770 alia,
1100 2693 1150 2756 vel
1169 2695 1313 2775 partium

222 2790 292 2869 eius
307 2789 392 2852 inter
417 2807 463 2852 se.
488 2788 549 2861 Qui
572 2806 739 2870 respectus
764 2809 953 2872 quanquam
979 2793 1105 2855 nullam
1131 2792 1313 2855 realitatem

223 2888 411 2951 substantiae
426 2887 593 2966 adjiciant,
607 2899 745 2969 possunt
760 2900 868 2953 tamen
884 2891 925 2953 ab
936 2909 973 2954 ea
992 2891 1132 2973 sejungi,
1150 2893 1312 2973 quianon

222 2997 299 3050 sunt
310 2986 345 3049 in
361 2987 431 3067 ipsa
446 2987 476 3049 vi
491 2990 651 3063 essentia,
668 2990 725 3052 sed
742 2990 784 3052 ab
799 2993 927 3054 actione
939 2991 1061 3071 aliqua,
1078 3000 1133 3055 aut
1147 2992 1189 3053 ab
1204 2992 1312 3073 appli-

221 3086 349 3150 catione
360 3088 493 3149 termini
508 3088 705 3168 dependent.
718 3090 846 3153 ldciroo
858 3090 885 3151 si
899 3090 983 3153 actio
996 3090 1102 3170 posita
1117 3107 1184 3154 non
1196 3090 1309 3165 fuerit,

221 3185 270 3247 vel
285 3195 397 3260 cesset,
414 3185 442 3246 si
460 3187 619 3249 terminus
635 3204 702 3264 nep
719 3188 818 3251 luerit
831 3189 1002 3270 appositus
1026 3189 1076 3252 vel
1093 3198 1309 3267 removeatur,

223 3282 247 3345 ii
263 3302 395 3363 quoque
407 3292 574 3364 respectus
591 3284 760 3350 deliciunt.-

262 3381 434 3444 Dlstinctio
450 3383 559 3461 itaque
575 3383 764 3448 substantia
778 3403 797 3447 a
812 3386 912 3449 ruodo
931 3377 1029 3466 qiam
1045 3385 1165 3449 habere
1191 3393 1311 3466 potest,

221 3487 253 3544 et
265 3497 332 3560 quo
347 3488 419 3542 actu
436 3490 533 3556 caret,
551 3490 599 3545 est
610 3483 780 3547 distinctio
795 3484 984 3548 substantie
999 3484 1159 3548 relatione
1170 3485 1314 3546 carentis

221 3598 240 3642 a
255 3580 414 3644 relatione
431 3581 491 3643 hac
507 3582 588 3662 ipsa.
604 3582 643 3646 Et
659 3584 817 3663 quoniam
832 3584 948 3647 relatio
965 3584 1153 3664 hujusmodi
1170 3600 1205 3646 re
1221 3583 1313 3646 idem

221 3686 268 3742 est
283 3697 321 3741 ac
335 3679 515 3741 substantia
531 3682 726 3744 relationem
743 3681 866 3743 habens
884 3682 982 3760 (til),
999 3683 1149 3763 sequitur
1163 3681 1315 3745 substan·

220 3776 299 3840 tiam
315 3776 388 3840 sine
399 3777 498 3841 niodo
513 3795 531 3839 a
548 3766 646 3842 modo
662 3778 804 3854 differre,
822 3786 858 3841 ut
871 3779 1052 3843 substantia
1067 3780 1139 3842 sine
1151 3779 1315 3843 relatione

219 3875 262 3938 ab
272 3875 389 3939 ‘eadem
402 3876 584 3940 substantia
596 3896 671 3940 curn
685 3879 855 3941 relatione.
869 3878 943 3941 Haec
958 3888 1066 3942 autem
1078 3878 1250 3941 distinctio
1263 3886 1314 3940 est

220 3975 318 4038 realis
332 3975 528 4056 inadequutc
543 3985 574 4038 et
587 3978 731 4058 nepetino
746 3977 794 4053 (0.
811 3974 884 4052 118,
902 3977 934 4038 1ο
954 3978 998 4056 5⁰)
1011 4000 1023 4053 ,·
1038 3977 1242 4056 inadequata
1258 3993 1313 4039 se·

222 4072 368 4135 cundum
384 4073 416 4135 id
432 4071 522 4154 qnod
538 4073 626 4136 venit
650 4075 686 4137 in
697 4083 790 4149 recto,
820 4073 898 4154 quia
913 4074 1094 4139 substantia
1110 4083 1158 4139 est
1177 4071 1315 4138 ‘utrobi-
