2792 4600
217 353 278 416 too
670 366 842 412 aurouocu.

214 486 364 550 ordinem
382 485 421 547 ad
433 483 536 559 aliud,
551 484 695 564 speciem
712 483 856 562 aliquam
874 490 905 543 et
920 480 1092 543 essentiam
1117 482 1303 558 constituit,

214 585 352 661 incapax
368 583 465 662 plana
476 588 525 643 est
540 581 574 643 iu
591 581 700 661 seipsa
717 578 1307 644 incrementiacdecrementilhsseu·

216 681 306 745 tialia
321 681 408 744 enim
439 681 648 743 constitutiva
663 697 724 740 nec
740 678 850 757 augeri
865 686 1001 757 possunt
1017 696 1078 741 nec
1093 679 1211 753 minui,
1227 681 1307 761 quia

213 781 363 845 essentiae
379 787 456 841 sunt
470 778 705 839 immutabiles.
724 775 770 837 lta
786 792 816 837 v.
834 793 882 854 gr.
900 792 967 837 non
985 785 1090 855 potest
1103 796 1172 839 esse
1184 777 1306 841 albedo

214 898 274 960 per
286 898 321 942 se
335 878 439 959 major
454 878 553 939 altera
583 877 749 972 albedines,
773 884 829 936 aut
859 875 1045 936 humanitas
1071 877 1176 956 maJor
1201 878 1329 953 altera,

216 979 431 1051 humanitate,
442 985 497 1039 aut
511 975 692 1037 substantia
710 973 918 1053 majoraltera
933 972 1114 1036 substantia
1127 975 1159 1037 in
1176 976 1307 1038 ratione

215 1077 417 1140 substantia.
597 1084 599 1087 ’
687 1142 690 1147 ,
1186 1072 1191 1079 ’

257 1177 289 1238 2⁰
305 1178 381 1250 Qum
396 1191 473 1237 vero
489 1175 630 1252 speciem
646 1173 809 1252 recipiunt
827 1172 1008 1233 seeundum
1021 1171 1146 1252 aliquid
1162 1173 1200 1237 ad
1214 1171 1306 1253 quod

216 1275 423 1346 ordinantur,
437 1280 571 1351 possunt
587 1271 768 1334 secundum
785 1271 908 1349 seipsas
925 1256 1126 1332 incrementa
1140 1288 1177 1333 aa
1192 1271 1307 1334 decre·

217 1381 325 1435 meula
354 1370 512 1448 recipere.
542 1368 587 1429 lta
609 1367 746 1429 scientia
762 1386 791 1430 v.
809 1385 857 1447 gr,
875 1367 1063 1448 geometria
1079 1376 1127 1430 est
1142 1371 1309 1433 extensive

216 1471 331 1550 major,
346 1485 413 1548 quo
429 1468 523 1546 plura
553 1476 628 1528 sunt
643 1466 841 1546 geometrica
862 1467 1061 1529 theoremata
1078 1485 1151 1548 quae
1163 1472 1309 1551 comple·

215 1570 333 1643 ctitur;
350 1575 382 1629 et
408 1576 516 1628 rnotus
530 1585 559 1628 v.
574 1583 622 1645 gr,
642 1566 833 1628 rectilineus
853 1573 901 1628 est
917 1565 1078 1629 intensive
1098 1566 1201 1645 major
1213 1577 1309 1629 aucta

215 1668 398 1740 velocitate,
414 1666 503 1726 idem
519 1665 741 1727 nihilominus
757 1673 905 1744 perstans
921 1665 1043 1744 specio.
1207 1731 1209 1735 ,

256 1767 289 1829 5⁰
304 1767 338 1826 Si
362 1772 550 1843 spectantur
574 1762 687 1826 lormae
716 1762 898 1825 secundum
928 1764 1018 1844 quod
1036 1764 1308 1845 participantura

215 1864 375 1943 subjecto,
390 1869 528 1942 possunt
551 1878 596 1922 eae
622 1862 695 1940 plus
721 1860 872 1922 minusve
888 1850 1091 1941 participari,
1107 1863 1235 1924 duobus
1251 1880 1307 1926 ex·

216 1963 321 2044 ceptis
336 1961 478 2023 casibus:

257 2065 288 2139 a)
305 2060 396 2132 Quod
428 2059 611 2139 subjectum
627 2058 765 2120 sormam
790 2058 1003 2138 participans,
1022 2061 1201 2122 seeundum
1217 2079 1309 2124 eam·
1376 2098 1377 2105 κ

217 2161 291 2222 dem
316 2160 458 2221 formam
481 2156 622 2237 speciem
647 2156 815 2220 sortiatur.
843 2156 1000 2220 Essentiaa
1023 2160 1111 2219 enim
1129 2168 1203 2220 sunt
1220 2159 1309 2220 indi·
1376 2196 1377 2237 3

215 2260 363 2323 visibiles
377 2256 461 2337 (48);
489 2256 645 2338 quocirca
659 2259 687 2318 sl
704 2255 887 2337 subJectum
903 2263 1008 2321 totum
1036 2257 1069 2319 id
1097 2257 1194 2320 habet
1216 2256 1308 2339 quod
1376 2248 1377 2255 '

215 2369 337 2423 certam
353 2356 495 2437 speciem
507 2356 692 2432 constituit,
707 2356 746 2416 ad
766 2356 855 2417 illam
874 2356 1016 2436 pertinet
1028 2347 1218 2438 speciem;si
1235 2375 1307 2420 nou

215 2468 320 2521 totum
339 2456 445 2530 habet,
462 2456 526 2534 jam
540 2454 579 2517 ad
608 2447 701 2515 illam
720 2453 862 2534 speciem
880 2472 946 2516 uon
965 2455 1117 2537 pertinet.
1132 2457 1199 2519 Hoc
1212 2466 1308 2537 pacto

216 2557 295 2639 quia
308 2557 408 2619 homo
424 2554 569 2635 speciem
585 2552 723 2615 sortitur
738 2553 778 2614 ab
792 2549 1007 2629 humanitate,
1018 2572 1085 2617 non
1101 2564 1205 2635 potest
1220 2574 1310 2618 unus

216 2658 319 2720 hama
348 2672 418 2717 esse
441 2651 543 2732 magis
567 2653 666 2714 homo
697 2669 797 2731 quam
825 2652 917 2715 alter.
947 2651 988 2715 Et
1017 2653 1060 2715 ita
1088 2671 1202 2717 amnes
1228 2656 1310 2717 sub·

217 2755 354 2819 stantiae.

257 2855 284 2930 b)
300 2851 393 2927 Quod
410 2849 657 2912 indivisibilitas
673 2849 714 2910 de
730 2848 869 2928 alicujus
886 2847 999 2913 iormae
1013 2851 1141 2913 ratione
1153 2851 1310 2916 sitione

216 2953 305 3016 euim
332 2966 464 3012 necesse
479 2964 538 3019 est,
557 2956 590 3009 ut
617 2947 644 3008 si
658 2946 842 3026 subiectum
860 2945 998 3009 lormam
1015 2949 1199 3029 participat,
1217 2951 1308 3012 indi-

217 3050 391 3114 visibiliter
420 3055 518 3109 totam
551 3046 734 3125 participet.
753 3045 1170 3130 Hincnamararumspecs'cs
1185 3049 1308 3129 gradus
1375 3077 1376 3082 ¹

216 3152 250 3212 in
267 3167 301 3210 sa
317 3165 383 3209 nou
399 3145 576 3224 recipiunt,
595 3161 661 3208 non
679 3145 769 3206 euim
785 3157 833 3207 est
855 3163 959 3208 unum
976 3148 1222 3226 quaternarium
1240 3168 1309 3212 ma·
1375 3147 1376 3150 ’

215 3249 268 3330 jus
280 3247 401 3320 altero;
415 3245 493 3326 quia
518 3243 628 3306 amuis
644 3260 802 3305 uumerus
818 3254 865 3306 est
888 3253 975 3306 carta
990 3245 1139 3325 quaedam
1153 3248 1309 3312 collectio

217 3357 249 3410 et
264 3362 330 3407 nou
346 3345 457 3406 altera.
480 3342 569 3407 ldem
599 3341 776 3403 dicendum
798 3342 834 3402 da
847 3344 996 3422 speciebus
1009 3346 1190 3424 quantitatis
1204 3349 1308 3409 canti·

216 3464 306 3518 aaa,
316 3460 394 3504 nam
409 3443 459 3502 bae
472 3439 736 3521 multiplicantur
751 3440 930 3503 secuudum
949 3460 1115 3517 numeros,
1132 3453 1168 3506 ut
1179 3444 1310 3508 bicubi-

218 3555 300 3617 tum,
324 3540 532 3612 triaubitum,
550 3548 611 3601 etc.
629 3540 711 3602 llem
736 3540 771 3599 dc
786 3540 983 3603 relationibus
997 3541 1083 3603 inter
1094 3546 1306 3623 quantitates,

217 3652 253 3708 ut
268 3642 419 3722 duplum,
438 3638 587 3718 triplum,
602 3646 677 3712 eta,
694 3655 732 3699 ao
746 3648 911 3717 postremo
926 3640 961 3700 dc
975 3641 1095 3720 fiacrio,
1110 3649 1143 3703 ut
1160 3643 1309 3725 triangu-

218 3744 300 3817 lum,
314 3736 547 3816 tetrangulum,
573 3736 728 3812 circulus,
748 3744 809 3799 eta.
835 3734 988 3807 Quamvis
1010 3738 1100 3801 enim
1117 3742 1221 3821 possit
1236 3764 1310 3808 esse
1333 3803 1343 3820 ,

218 3858 321 3905 uuum
337 3835 538 3916 triangulum
555 3834 660 3912 majus
675 3835 1098 3915 altero,quiadeterminata
1115 3841 1310 3921 magnitudo

217 3956 285 4003 nou
301 3947 348 3999 est
360 3936 401 3997 da
417 3933 618 3995 extensionis
633 3934 772 4008 ratione,
790 3952 857 3997 nau
874 3942 980 3997 tamen
997 3945 1185 4016 potestesse
1201 3957 1311 4006 uuum

217 4034 418 4115 triangulum
431 4031 532 4111 magis
545 4031 745 4113 triangulum
767 4051 865 4113 quam
882 4034 1083 4115 triangulum
1097 4038 1249 4104 altarum.
