2792 4600
613 362 714 410 anona.
816 401 818 405 .
1144 338 1207 401 435

193 485 262 533 stant
272 494 306 531 en
317 481 413 531 olriorn
426 480 569 530 orornttota
576 479 752 541 etrepntea‘oia.
763 475 801 529 lix
809 473 866 545 jam
875 472 958 529 dictis
971 472 1128 532 deducitur.

193 552 275 608 Pnon.
292 551 335 605 tv.
349 554 434 605 Aterni
447 567 496 604 non
509 558 627 604 conatam
639 553 787 603 extensione
801 556 826 602 et
839 553 864 601 oi
877 551 1013 602 resistendi
1028 566 1037 602 :
1051 567 1132 618 nepne

193 631 255 679 adeo
267 629 364 679 dnobna
376 625 539 679 renlitota'bns
551 628 689 689 distinctis,
702 639 808 690 dnornn
821 626 905 675 altera
920 625 955 674 ait
976 626 1132 689 principium

193 702 452 760 calcedonensium
464 702 542 751 radin
554 702 592 751 oie
604 701 740 752 resistendi
746 714 757 762 ;
770 699 944 762 pnneecnndn
957 700 1041 761 opinio
1053 703 1133 752 annito

193 774 280 828 minus
297 775 399 826 admitti
419 780 513 838 potest,
524 777 548 825 n·
560 777 600 825 bn
612 776 668 825 dnoe
680 775 814 825 reolitoteo
827 773 946 823 dicontur
958 786 1013 824 este
1025 777 1134 828 ranerio

194 863 224 901 nc
236 849 318 915 forna
334 849 513 911 peripatetico.
529 845 661 901 Extensio
674 856 702 900 et
715 845 757 901 vis
771 842 920 898 resistendi
939 858 990 899 nec
1012 847 1136 903 existunt

164 934 167 940 ·
195 936 246 991 per
261 936 303 988 se,
318 916 369 975 nec
382 918 486 990 aliquid
501 935 550 989 per
563 934 594 974 se
607 919 730 975 existens
751 915 919 972 constituere
933 929 1059 986 possunt.
1082 922 1136 976 Ex·

194 994 284 1049 tensio
297 993 388 1065 prouti
404 993 448 1048 bic
466 992 621 1063 concipitur
634 993 731 1062 noqtrit
742 991 798 1045 vim
820 989 967 1044 resistendi
993 1002 1136 1050 extensam

193 1066 295 1123 lacere.
311 1067 442 1122 Extensio
456 1066 484 1121 in
500 1082 530 1122 se
543 1068 586 1121 vel
612 1066 681 1120 nihil
707 1074 761 1130 est,
776 1064 818 1119 vel
840 1062 945 1133 aliquid
971 1065 1135 1124 absurdum.

195 1140 289 1200 Altero
302 1142 395 1211 opinio
409 1139 518 1211 probari
533 1140 608 1209 nullo
623 1150 702 1210 pacto
723 1146 916 1208 potest-caque
928 1153 944 1191 a
958 1139 1137 1209 peripatetica

195 1215 340 1288 hypothesi
364 1214 392 1269 in
415 1214 542 1284 pluribus
562 1213 758 1269 essentialibus
780 1210 881 1266 niffen.
905 1211 1018 1267 Probari
1041 1215 1139 1286 nequit

195 1288 316 1344 radicem
330 1288 500 1344 extensionis
512 1299 540 1342 et
546 1288 646 1342 virium
660 1286 797 1359 originem
811 1300 842 1340 se
854 1284 956 1340 babere
969 1286 1002 1342 ad
1019 1288 1138 1345 invicem
1165 1280 1175 1300 ⁴

196 1371 227 1417 ut
239 1362 360 1433 potentia
375 1377 405 1417 se
416 1362 497 1417 babet
510 1362 544 1417 ad
555 1372 656 1416 actum.
667 1361 799 1416 Extensio
810 1373 842 1412 ac
856 1357 1003 1415 resistendi
1013 1362 1055 1418 vis
1061 1364 1139 1434 juxta

195 1446 303 1503 veteres
316 1447 382 1491 sunt
401 1451 486 1490 unum
500 1435 639 1505 idemque.
664 1434 678 1489 J
682 1444 746 1489 uxta
760 1431 872 1489 eosdem
886 1430 973 1486 torma
987 1437 1142 1493 materialis

196 1520 239 1565 est
252 1518 365 1565 extensa
385 1508 545 1564 formaliter.
562 1510 643 1563 Pron.
659 1509 691 1563 v.
706 1510 829 1561 Entener‘o
842 1521 872 1558 oo
884 1510 1021 1562 resistendi
1033 1514 1071 1563 oie
1090 1516 1141 1565 daco

196 1587 297 1638 diversa
306 1586 436 1649 pnnoipn
458 1599 508 1636 non
522 1586 638 1649 enipnnt.
655 1580 788 1636 Extensio
810 1594 843 1634 ac
866 1577 1015 1636 resistendi
1028 1583 1071 1638 vis
1084 1583 1141 1639 uoti

199 1667 265 1713 sunt
280 1657 463 1727 proprietates
476 1656 513 1711 ita
527 1656 671 1727 oppositae,
687 1664 718 1709 ut
731 1656 766 1711 ab
779 1652 876 1710 eodem
890 1652 1027 1725 principio
1042 1673 1141 1727 proce-

198 1730 264 1786 dere
283 1739 432 1801 nequeant.
447 1730 542 1800 Neque
554 1730 582 1783 in
596 1729 680 1785 atomi
706 1728 868 1784 extensione
890 1741 921 1779 ea
936 1730 1140 1799 multiplicitas

198 1819 288 1874 neque
299 1804 327 1858 in
341 1803 465 1874 ejusdem
479 1803 506 1857 vi
516 1819 548 1858 ea
560 1803 651 1858 unitas
666 1804 794 1868 babetur,
809 1798 905 1878 quales
916 1802 1095 1873 objiciuntur.
1111 1805 1141 1862 Si

198 1879 233 1934 ab
244 1892 298 1932 una
310 1877 432 1932 realitate
443 1877 561 1931 oriretur
575 1876 603 1931 in
615 1886 705 1931 atomo
720 1891 784 1931 vera
798 1872 1000 1944 multiplicitas,
1010 1893 1065 1931 non
1076 1894 1142 1950 pos-

151 1946 154 1952 ’
199 1953 286 2008 setab
300 1952 385 2005 altera
402 1949 469 2005 oriri
483 1965 546 2004 vera
561 1949 663 2004 unitas.
680 1950 721 2004 Ex
732 1948 827 2004 eadem
840 1944 965 2005 realitate
979 1966 1012 2005 ex
1026 1967 1079 2023 qua
1093 1968 1142 2007 ex·

198 2025 289 2081 tensio
303 2024 434 2089 dimanat,
450 2023 592 2078 dimanare
606 2033 697 2093 potest
720 2023 761 2077 vis
781 2019 929 2077 resistendi
960 2065 966 2077 .
1047 2066 1054 2079 .
1134 2028 1218 2087 ‚259

123 2104 193 2156 Αιιτ.
208 2098 243 2154 ll.
263 2102 374 2163 eroeatio
387 2102 418 2151 de
431 2106 571 2150 atomorum
592 2102 704 2151 cesentio
725 2100 871 2150 resolvitur.
881 2092 969 2165 Pane.
984 2096 1029 2152 vl.
1047 2101 1142 2153 Ultimo

199 2189 329 2239 corporum
342 2176 466 2225 elemento
478 2179 539 2224 stant
551 2175 639 2236 otoni,
655 2188 745 2236 nempe
755 2173 904 2225 substantioe
916 2174 1063 2225 ostensione
1084 2189 1142 2238 peo-

198 2251 305 2301 netrioo
319 2256 343 2300 et
359 2250 383 2300 oi
395 2249 533 2300 resistendi
542 2249 671 2310 praedite.
688 2245 728 2300 Ex
736 2243 791 2316 jam
806 2243 888 2300 dictis
903 2243 1059 2301 deducitur.
1087 2246 1141 2303 Ge-

199 2321 293 2376 nerica
315 2320 398 2375 atomi
423 2319 555 2389 primitivi
578 2318 870 2375 essentia-dillerentia
896 2317 1033 2390 specifica.
1050 2320 1140 2376 Atorni

199 2394 346 2466 primitivae
360 2403 425 2449 sunt
435 2394 547 2465 physice
557 2393 752 2448 indivisibiles.
762 2392 802 2447 rin
814 2392 898 2448 variae
910 2403 1062 2449 atomorum
1074 2409 1139 2464 spe-

199 2467 805 2539 ciesmetaphysicecompositaediciqucant
852 2492 877 2519 -.
956 2507 964 2522 .
1043 2507 1050 2521 .
1129 2473 1211 2530 .251

125 2544 194 2597 ,inat
212 2543 258 2599 lli.
276 2545 375 2607 satiant
387 2542 500 2606 objectu.
516 2541 623 2595 Chimia
637 2540 677 2595 nil
690 2540 814 2595 decernit
828 2540 862 2595 de
875 2549 1027 2595 atomorum
1042 2556 1138 2595 essen-

200 2617 248 2672 tia.
263 2617 424 2671 Atomorum
438 2615 540 2680 unitas,
555 2614 684 2679 varietas,
699 2613 786 2687 ligura
800 2622 828 2668 el
841 2615 980 2669 mobilitas
998 2614 1139 2683 postulant

200 2689 229 2745 in
241 2690 275 2744 iis
290 2688 455 2759 principium
470 2688 584 2743 l'ormale
604 2688 716 2757 simple.
733 2702 748 2741 a
763 2687 899 2757 principio
916 2687 1050 2742 materiali
1074 2704 1137 2743 rea-

199 2764 263 2819 liter
275 2763 447 2818 distinctum.
457 2762 504 2816 Vis
518 2761 618 2816 matrix
630 2770 673 2816 est
682 2776 733 2830 per
746 2776 777 2816 se
790 2761 933 2816 inextensa
944 2779 951 2828 ;
963 2761 1078 2831 proinde
1094 2778 1138 2817 re-

165 2862 167 2864 ·
201 2837 256 2908 cipi
269 2837 374 2891 directe
394 2836 475 2890 debet
489 2836 517 2890 in
531 2836 622 2906 aliquo
636 2850 686 2904 per
700 2850 730 2889 se
743 2835 897 2890 iucxtcnso.
914 2834 1054 2890 Sententia
1074 2850 1138 2905 quae

202 2911 296 2967 statuit
318 2920 424 2964 atomos
450 2910 478 2962 in
496 2908 648 2978 composito
668 2918 730 2963 actu
751 2923 873 2974 manere,
887 2923 938 2962 nec
957 2908 1137 2963 mutationem

201 2985 310 3040 totalem
335 2983 532 3053 proprietatum
554 2982 710 3052 compositi,
732 2997 783 3036 nec
805 2980 982 3037 mutationem
1006 2981 1137 3037 substan·

200 3059 247 3114 tiae
266 3072 321 3112 uon
340 3056 458 3112 viventis
475 3057 503 3109 in
517 3071 618 3127 eorpus
637 3056 740 3111 uirens.
755 3056 1034 3125 explicat-corporum
1059 3071 1137 3111 com-

201 3130 418 3203 penetrationem
445 3130 557 3185 inducit
581 3128 633 3196 Qui
658 3137 765 3185 atomos
790 3129 987 3199 incompositas
1013 3138 1138 3198 lueretur,

201 3204 342 3276 perimunt
354 3203 535 3258 intrinsecum
546 3201 696 3257 discrimen
704 3203 776 3257 inter
786 3203 1137 3272 substantiamcorpoream

201 3287 229 3335 et
241 3277 551 3348 spiritualem-statuunt
572 3277 716 3332 materiam
735 3292 770 3331 ex
789 3292 819 3330 se
839 3277 954 3331 activam
968 3292 1042 3343 esse,
1063 3276 1136 3346 quod

201 3350 494 3424 repugnat-assignant
530 3364 645 3419 corpora
678 3358 707 3404 ut
744 3365 890 3420 corporum
930 3350 1137 3405 constitutiva-a

202 3426 342 3497 proposita
366 3424 519 3495 questione
543 3424 682 3479 aberrant.
704 3429 827 3494 systema
853 3433 1006 3477 atomorum
1032 3422 1137 3478 incom-

202 3500 354 3570 positarum
380 3499 505 3552 intimam
530 3497 655 3566 corporis
668 3496 801 3566 primitivi
814 3498 964 3552 essentiam
979 3511 1033 3552 uon
1048 3496 1137 3567 expli-

202 3582 247 3628 cat
262 3572 333 3627 viam
347 3571 437 3642 aperit
449 3571 640 3641 sceptioistno;
656 3570 712 3626 imo
725 3571 882 3625 universam
897 3571 982 3625 diruit
995 3572 1138 3643 metapby·

204 3644 442 3777 {locam-contraria
455 3646 546 3699 omnia
556 3644 673 3700 dicenda
686 3654 752 3699 sunt
765 3644 800 3699 de
813 3644 938 3699 doctrino
948 3643 1136 3714 peripatetica.

242 3720 361 3775 lutiones
437 3757 1136 3774 .........
1158 3724 1217 3780 255

295 3822 407 3872 cntru't
421 3822 464 3871 lv.
481 3822 613 3884 Quonooo
624 3835 654 3872 m
663 3832 764 3872 aronis
775 3834 898 3871 consona
906 3833 1021 3871 consecra
1028 3836 1049 3869 r.

130 3906 196 3958 Αιιι.
213 3903 235 3958 l.
250 3907 366 3958 Nolendo
378 3907 502 3968 caenon.
517 3901 598 3957 Nulla
611 3917 674 3958 esse
691 3911 782 3973 potest
795 3900 855 3957 sive
868 3901 1019 3968 lantonis,
1035 3900 1094 3957 sive
1114 3901 1143 3957 in

203 3977 366 4047 corporibus
379 3978 450 4030 actio
463 3977 493 4030 in
506 3975 623 4031 distans.
639 3975 782 4043 Quorrrodo
795 3974 942 4030 ce'usendae
956 3974 1013 4028 sint
1026 3973 1087 4030 lieri
1100 3985 1143 4030 at·

202 4051 353 4106 tinctiones
363 4060 390 4104 ct
403 4048 577 4119 repulsiones
588 4048 661 4104 iuter
672 4050 843 4105 substantias
856 4048 969 4118 quasvis
979 4061 1144 4117 corporeas.

241 4137 450 4190 msrnurroass,
472 4137 531 4178 erc.
553 4137 583 4178 ιι.
1043 4134 1070 4173 re
