2792 4600
1157 203 1163 218 '
1187 235 1212 276 s

85 285 89 292 ·
202 269 265 333 att
298 217 303 228 ι
335 281 337 286 ’
537 352 540 360 .
631 215 826 366 nesterotis.

200 399 381 479 indigeant,
405 416 465 460 nec
487 414 544 479 per
564 415 599 460 se
618 404 739 460 statum
755 415 854 478 quem
869 412 990 477 corpus
1005 395 1145 472 obtinet,
1163 403 1295 458 mutare

201 498 352 580 possint:
375 496 409 559 9⁰
431 499 490 573 cis,
515 506 550 560 ut
573 496 676 571 aiunt,
692 496 822 572 inertie,
838 495 888 576 (0,
917 494 988 559 180.
1013 497 1058 574 4⁰)
1085 513 1150 583 qua
1169 512 1295 577 eorpus

196 597 472 678 unumquodque,
486 605 646 679 quantum
659 596 693 658 iu
706 614 740 659 se
755 605 814 673 est,
831 596 866 659 in
880 604 966 662 statu
983 595 1106 677 quietis
1119 595 1167 658 vel
1182 604 1294 659 motus

198 701 398 776 perseverat;
421 713 460 757 ex
478 711 544 775 quo
561 693 596 756 tit
617 702 654 757 nt
673 694 703 755 vi
730 703 884 769 externe,
901 710 974 774 quae
989 692 1098 775 ipsum
1115 692 1156 754 ad
1172 699 1295 756 statum

197 792 339 857 alterum
355 792 574 857 determinare
587 791 807 874 aggrediatur,
821 792 1041 858 resistentiam
1053 801 1150 875 atque
1160 792 1295 870 obicem

194 901 357 974 opponat.

244 992 313 1055 159.
336 991 489 1071 spectata
508 990 715 1055 diversorum
730 1008 913 1073 corporum
926 991 1157 1076 proprietates,
1175 1007 1293 1071 qnam-

194 1092 248 1157 ris
264 1102 294 1156 et
311 1093 389 1175 ipsa
405 1093 439 1155 in
456 1091 686 1157 essentialibus
703 1109 739 1154 ac
754 1091 964 1174 generalibus
979 1092 1125 1156 materie
1139 1090 1293 1173 proprie·

192 1191 318 1258 tatibus
344 1191 489 1256 radicem
517 1190 669 1266 habeant,
696 1208 764 1255 non
791 1191 969 1257 tamenab
996 1190 1038 1254 iis
1063 1189 1293 1273 tautummodo

196 1289 380 1367 dimanant,
393 1289 450 1353 sed
459 1288 601 1370 'insuper
613 1288 654 1352 ab
668 1289 902 1372 integrantium
915 1289 1154 1354 molocularnm
1167 1288 1294 1370 magni-

196 1389 326 1465 tudine,
343 1388 458 1470 figura,
477 1388 555 1465 situ,
574 1387 751 1471 positione.
766 1392 866 1454 Secus
879 1390 914 1452 in
926 1388 1082 1454 omnibus
1094 1387 1292 1469 corporibus

196 1496 308 1552 essent
323 1489 458 1554 eedem.
701 1570 703 1573 Α
1074 1500 1079 1504 “
1132 1554 1142 1569 ,
1180 1563 1182 1567 .

238 1585 323 1652 Sunt
342 1596 451 1652 autem
468 1587 628 1668 speciales
644 1588 883 1670 proprietates:
904 1590 935 1654 1ο
944 1588 1068 1670 paedor
1088 1587 1292 1669 specificam:

196 1684 232 1747 2⁰
253 1685 393 1762 durities,
416 1686 595 1771 closticitos,
611 1686 782 1765 doctilitcs,
799 1686 938 1768 aliaeque
953 1703 1131 1767 corporum
1148 1684 1293 1766 disposi-

198 1782 307 1847 tiones
316 1782 520 1859 istisaffines,
534 1801 594 1848 nee
605 1802 673 1848 non
684 1802 798 1849 aarum
810 1785 985 1867 opposite:
998 1785 1033 1849 5⁰
1043 1784 1179 1846 ritmico
1189 1783 1294 1863 affini·

200 1889 278 1943 totas
292 1898 299 1943 :
318 1881 350 1946 4⁰
364 1881 455 1964 vomo
469 1882 510 1944 od
527 1882 693 1946 celorinum
708 1883 887 1964 repentes:
911 1885 945 1946 5⁰
958 1882 1169 1963 dispositioncs
1182 1881 1225 1943 od
1237 1881 1294 1943 tos

200 1979 250 2056 nel
270 1978 340 2042 illos
359 1979 474 2044 colmes
492 1979 553 2044 sub
574 1980 657 2044 lucis
671 1981 801 2045 actione
816 1980 1038 2044 diversimode
1052 1979 1262 2060 recipiendos
1280 1997 1290 2041 :

204 2077 239 2141 6⁰
257 2079 336 2141 eires
357 2079 502 2160 denique
523 2099 625 2143 omnes
639 2078 761 2162 quihus
780 2080 829 2144 rel
853 2080 888 2144 in
904 2089 1032 2143 nostros
1047 2097 1174 2155 sensus,
1191 2079 1241 2142 vel
1259 2079 1295 2141 in

128 2243 132 2248 ,
199 2185 320 2240 cratera
332 2195 471 2259 corpora
487 2195 584 2261 agere
597 2186 746 2260 possunt,
764 2197 905 2260 quarum
920 2178 1057 2261 quidem
1071 2178 1204 2241 effectus
1218 2187 1298 2241 sunt

199 2275 1295 2360 prorsusinnumerabiles.Seddehisuberiusphysicaedisciplinae.

249 2372 321 2438 tto.
346 2373 519 2438 Generales
532 2394 631 2456 porro
643 2394 820 2458 corporum
831 2376 1046 2457 proprietates
1059 2376 1178 2438 merito
1187 2374 1300 2456 primoe

204 2482 375 2547 vocantur,
401 2471 535 2554 quiaab
552 2473 782 2538 essentialibus
799 2474 986 2539 immediate
1001 2474 1182 2536 dimanant.
1200 2470 1298 2545 Quod

203 2570 234 2633 si
247 2571 447 2652 cognitionis
463 2571 546 2635 ordo
559 2573 786 2638 consideretur
798 2590 866 2637 non
879 2574 929 2638 bae
941 2573 1108 2656 generales
1119 2571 1176 2636 scd
1190 2571 1301 2653 speci·

206 2668 277 2735 nee
298 2671 420 2751 potius,
438 2671 553 2734 saltem
572 2672 735 2752 quadam,
752 2672 868 2754 prime
886 2672 1034 2734 dicendae
1046 2670 1135 2733 sunt.
1149 2669 1232 2736 Usus
1247 2678 1301 2732 ta-

207 2785 285 2831 men
310 2768 438 2832 obtinet
459 2769 544 2851 apud
562 2770 772 2844 recentiores,
796 2779 831 2835 ut
852 2770 1020 2852 generales
1043 2769 1171 2851 primae,
1194 2767 1303 2849 speci·

209 2866 279 2930 fiee
294 2884 370 2929 vero
382 2867 533 2931 secundae
543 2867 709 2949 dicantur.
884 2852 906 2945 ,¹
1032 2946 1035 2952 ¹

253 2964 326 3031 tlt.
350 2967 405 3030 tta
420 2977 495 3029 sunt
510 2985 686 3048 corporum
700 2968 911 3049 proprietates,
926 2985 983 3031 sen
996 2965 1180 3030 necessario
1192 2964 1301 3027 inbue-

207 3073 319 3129 rentes
338 3065 522 3146 qualitates.
545 3065 722 3138 Qualilates
738 3074 851 3129 antem
866 3067 1025 3129 motabiles
1040 3074 1116 3129 sunt
1135 3063 1226 3127 modi
1245 3062 1302 3125 di·

208 3166 307 3242 versi,
338 3164 459 3246 quibus
488 3166 678 3229 necessariae
705 3166 773 3228 istae
800 3165 1014 3248 proprietates
1040 3173 1114 3229 actu
1144 3163 1304 3226 determi-

208 3273 342 3340 nantur,
366 3282 403 3326 ac
424 3272 539 3344 praeter
560 3264 746 3326 essentiam.
771 3265 826 3329 tta
846 3273 922 3328 sunt
942 3265 1047 3345 figura
1067 3262 1227 3345 regularis
1246 3255 1303 3325 vel

210 3362 424 3441 irregularis3
439 3362 616 3424 cobcsiortis
629 3363 751 3424 dioerm
764 3364 862 3430 ratim
876 3369 976 3425 motos
990 3361 1036 3423 nel
1051 3362 1133 3442 quies
1141 3380 1152 3438 ,·
1164 3361 1305 3440 diopha-

208 3459 310 3522 rteitoa
331 3458 378 3520 vel
401 3460 559 3538 operirem
582 3461 714 3523 actualis
735 3461 882 3524 coloratio
888 3479 899 3537 ,·
917 3460 1104 3522 variationes
1115 3462 1258 3543 penderis
1274 3470 1306 3524 et

209 3557 391 3639 capacioris
412 3557 454 3632 ad
474 3557 658 3634 oolorirurm
672 3559 780 3622 varios
803 3559 958 3623 abotritos
971 3567 1086 3635 statum
1100 3561 1305 3642 1111111911·

191 3657 289 3730 ·dos,·
303 3664 399 3719 stator
420 3654 623 3735 reparationis
643 3667 699 3718 out
719 3656 954 3719 somniantem
974 3674 1045 3720 com
1065 3657 1153 3732 cliis;
1175 3656 1306 3721 actuale

205 3753 419 3835 potentiorum
438 3751 629 3826 arentium,
645 3751 685 3814 ad
702 3752 791 3834 quod
808 3754 1010 3818 reducuntur
1025 3754 1170 3819 actiones
1186 3772 1306 3818 omnes

207 3870 293 3932 quas
305 3868 444 3933 corpora
455 3850 522 3913 sive
535 3851 569 3911 in
582 3850 703 3914 nostris
715 3852 878 3935 sensibus,
893 3853 959 3917 sive
972 3854 1006 3939 iu
1018 3853 1093 3917 aliis
1104 3853 1313 3937 corporibus*

208 3963 375 4013 exercent.
