2792 4600
169 347 236 409 §iol
609 362 799 408 nosnoionn.

170 477 307 541 alterius
324 476 362 538 ad
379 477 513 539 alteram
536 477 704 559 physicam
728 477 903 539 actionem.
928 476 1047 539 Tamen
1071 484 1181 537 sunta
1196 472 1264 536 ileo

170 572 306 637 intense
335 575 516 657 conjunctae
532 586 628 656 atque
645 577 688 637 ita
704 576 897 654 conjuncta,
916 586 950 635 ut
967 575 1104 636 interna
1119 570 1264 652 cujusvis

120 682 123 686 '
171 671 326 737 monadis
355 673 551 736 mutationes
576 691 651 735 cum
682 674 831 759 omnium
859 672 998 734 aliarum
1025 669 1264 733 mutationibus

172 770 368 835 harmonice
392 774 581 854 conspirent
596 791 603 835 :
617 781 714 854 atque
728 774 790 835 boc
807 781 901 853 pacto
916 772 963 848 tit,
992 780 1023 834 et
1039 790 1077 833 cx
1105 772 1165 832 ban
1181 787 1262 849 prae-

173 868 319 932 stabilita
336 870 519 947 harmonia,
542 880 576 933 ut
602 871 673 931 aliae
690 870 731 932 ab
754 871 827 931 aliis
841 870 1052 931 determinari
1077 867 1261 929 videantur.

172 966 222 1031 Ex
251 969 312 1031 hac
343 970 521 1033 monadum
551 969 782 1049 conjunctione
820 969 973 1031 oriuntur
1003 984 1154 1047 corpora,
1189 983 1262 1045 quae

173 1066 317 1148 proinde
333 1078 408 1130 sunt
423 1068 605 1148 aggregatio
628 1068 882 1130 substantiarum
894 1086 903 1146 ;
914 1084 1101 1153 'eorumque
1118 1066 1261 1126 extensio

175 1167 597 1247 purepbaenomenicaest.
1177 1161 1180 1166 ’
1218 1243 1222 1248 ᾖ

222 1264 271 1327 15.
295 1264 394 1326 Multa
409 1283 446 1326 ex
464 1264 521 1327 bis'
543 1262 753 1326 incredibilia
767 1263 834 1325 visa
858 1272 934 1325 sunt
949 1263 997 1325 vel
1023 1262 1102 1341 ipsis
1118 1260 1264 1323 Leibnit-

174 1360 218 1422 zii
234 1361 459 1425 sectatoribus.
476 1364 558 1426 Hinc
570 1362 707 1425 Wolfius
720 1380 756 1424 ac
769 1363 969 1425 leibnitziani
985 1363 1145 1443 plerique,
1159 1379 1263 1442 quan·

172 1476 273 1538 quam
300 1460 462 1540 simplicia
487 1461 648 1523 elementa
674 1462 847 1543 recipiant,
867 1464 900 1523 in
922 1481 961 1525 eo
985 1453 1097 1525 tamen
1118 1460 1206 1542 qnod
1223 1462 1261 1521 ad

173 1573 290 1622 eorum
312 1569 459 1622 naturam
484 1560 709 1641 explicandam
737 1563 898 1636 attinet,a
924 1562 1079 1641 magistro
1105 1560 1262 1622 discesse-

173 1667 271 1733 runt;
285 1657 631 1739 elementaqueeadem
644 1659 673 1720 vi
688 1661 826 1723 motrice
839 1660 941 1722 activa
954 1660 1222 1741 praeditavolunt,
1233 1668 1264 1720 et

173 1756 305 1836 singula
320 1757 354 1818 in
367 1756 494 1837 singula
510 1775 604 1838 agere
617 1776 654 1820 ac
667 1777 797 1840 reagere
803 1783 814 1835 ;
826 1768 923 1839 atque
937 1761 996 1821 bac
1009 1767 1120 1821 mutua
1132 1758 1262 1820 actione

174 1856 348 1935 copulari:
365 1873 506 1936 cumque
529 1855 572 1917 ita
585 1851 784 1937 'copulentur
806 1865 841 1920 ut
857 1857 994 1919 alterum
1010 1864 1097 1919 extra
1122 1858 1261 1918 alterum

128 1951 131 1955 ’
176 1956 302 2028 existat,
322 1955 397 2016 inde
424 1957 645 2018 extensionem
661 1956 757 2019 effici.
776 1956 914 2020 Wolfius
939 1965 1045 2018 autem
1062 1966 1092 2018 et
1116 1958 1184 2036 ipse
1199 1956 1263 2017 ele-

175 2066 287 2117 menta
302 2055 412 2116 omnia
428 2055 604 2116 dissimilia
620 2056 706 2117 inter
726 2075 760 2118 se
776 2056 909 2120 statuit:
927 2057 983 2118 sed
1000 2056 1119 2118 deinde
1135 2066 1263 2136 recepta

175 2153 397 2215 communiter
425 2155 511 2215 inter
540 2154 770 2217 leibnitzianos
809 2157 969 2217 sententia
999 2155 1072 2230 fuit,
1104 2154 1264 2215 elementa

175 2252 289 2316 omnia
306 2268 438 2332 prorsus
467 2252 667 2331 homogenea
683 2271 771 2330 esse;
799 2270 976 2334 corporum
1002 2269 1079 2316 vero
1094 2251 1263 2314 diversita-

174 2361 242 2411 tem
260 2369 296 2412 ex
313 2352 399 2412 varia
412 2351 603 2412 eorumdem
620 2351 857 2413 elementorum
871 2350 1084 2414 multitudine
1099 2369 1137 2413 ac
1152 2349 1263 2431 dispo·

175 2450 298 2512 sitione
313 2466 521 2529 consurgere.
549 2447 832 2521 Quemadmodum
855 2450 943 2511 enim
970 2468 1008 2511 ex
1035 2449 1165 2529 punctis
1180 2457 1264 2509 atra·

176 2558 289 2612 manto
305 2549 439 2627 signatis
455 2567 568 2610 omnes
585 2549 700 2611 litterae
715 2549 797 2611 effici
815 2558 963 2630 possunt,
980 2560 1063 2611 etex
1081 2544 1138 2610 bis
1149 2547 1265 2610 litteris

174 2665 272 2710 voces
288 2647 458 2726 quaelibet3
474 2648 516 2708 ita
528 2666 565 2709 ex
579 2648 792 2727 homogeneis
804 2647 1079 2728 simplicibusque
1091 2644 1263 2708 elementis

177 2747 262 2809 liunt
276 2747 444 2809 moloculae
470 2747 686 2808 constitutivae
704 2765 817 2809 eorum
845 2764 1021 2828 corporum
1047 2765 1120 2828 quaa
1136 2746 1262 2826 simpli·

178 2851 230 2908 oia
246 2847 460 2927 appellamus,
481 2857 565 2909 etex
593 2848 643 2908 bis
660 2846 879 2910 diversimode
907 2847 1101 2910 consociatis
1128 2861 1265 2925 corpora

179 2948 293 3011 mixta.
1147 2970 1150 2975 ·

225 3047 273 3109 16.
299 3045 466 3107 Postremo
482 3043 641 3124 Rogerius
654 3044 831 3108 boscovicb
849 3045 933 3106 banc
949 3045 1187 3107 elementorum
1203 3032 1265 3104 sim

179 3145 318 3227 plinium
334 3143 496 3204 theoriam
515 3142 737 3222 maximopere
764 3142 949 3217 illustravit,
978 3143 1161 3204 matheseos
1190 3140 1266 3202 sub·

177 3244 275 3327 sidiis
292 3241 462 3303 adhibitis.
473 3240 729 3315 lsenimstatuit,
744 3240 1268 3322 punctaomniamateriaeviribus

178 3339 377 3421 quibusdam
394 3338 570 3400 attractivis
582 3355 618 3400 ac
634 3339 809 3419 repulsivis
823 3358 892 3401 csse
905 3340 1051 3416 praedita,
1069 3339 1190 3419 quibus
1209 3356 1268 3419 pro
1348 3393 1350 3397 .

181 3441 310 3500 divorsa
327 3437 517 3499 eorumdem
541 3437 626 3497 inter
641 3455 675 3498 se
697 3437 851 3506 distantia
866 3437 906 3497 ad
928 3437 1149 3499 accedendum
1173 3436 1213 3499 ad
1236 3455 1269 3498 se

182 3539 336 3610 invicem,
359 3536 408 3596 vel
424 3553 441 3597 a
457 3553 491 3596 se
512 3535 650 3598 invicem
671 3536 897 3599 recedendum
914 3537 1185 3600 determinantur.
1208 3538 1269 3599 lla·

182 3656 258 3701 iuni
271 3645 378 3698 autem
394 3627 513 3695 virium
523 3633 625 3715 legem
639 3637 791 3715 exprimit
804 3653 861 3715 per
873 3653 1016 3720 curvam,
1034 3654 1107 3715 quae
1123 3636 1157 3696 in
1174 3635 1270 3698 initio

181 3737 410 3799 ordinatarum
444 3741 661 3813 asymptotum
690 3722 806 3794 babeat
835 3732 1030 3812 parallelum
1052 3732 1212 3795 ordinatis
1237 3734 1271 3794 in

181 3834 353 3897 inlinitum
370 3832 592 3895 crescentibus
605 3851 643 3892 ex
655 3848 691 3893 ea
707 3839 808 3912 parte,
822 3841 903 3893 etex
919 3832 1069 3912 opposita
1081 3831 1272 3895 decrescen-

182 3934 286 4004 tibus,
304 3929 408 3992 donec
424 3930 493 4009 ipsa
506 3947 601 3992 curva
615 3947 705 3991 axem
721 3942 806 3992 secet
818 3948 854 3992 ac
867 3939 989 3993 resecet
1004 3946 1012 3994 :
1026 3929 1153 3991 desinat
1165 3940 1271 3993 antem

182 4035 219 4097 in
242 4047 317 4092 crus
338 4027 515 4101 infinitum,
548 4027 671 4119 habens
695 4045 755 4108 pro
780 4037 962 4108 asymptoto
985 4028 1093 4109 ipsum
1115 4046 1219 4105 axem,
1243 4040 1275 4093 et
