2792 4600
1378 134 1379 177 v

1378 190 1379 233 v

224 293 266 357 90
690 307 863 355 ouvotoon.

224 441 301 485 nem
317 435 431 484 natura
446 439 504 485 sua
520 420 707 484 institutum
721 430 752 484 et
768 422 956 485 ordinatum
970 430 1029 488 est
1050 423 1084 485 Si
1102 424 1191 487 enim
1207 425 1316 504 quali·

226 531 274 582 tas
286 519 325 581 ad
338 522 399 583 hoc
411 538 470 600 per
481 539 515 583 εε
528 521 636 600 primo
648 537 715 583 non
728 520 941 615 sitinstituta,
955 521 1059 584 sedad
1074 522 1379 603 perficiendum
1378 560 1379 619 q

226 625 282 679 aut
303 619 564 682 conservandum
583 619 779 697 subjectum,
805 620 939 700 proprie
963 637 1029 682 non
1052 623 1180 684 videtur
1203 620 1317 700 appel·
1378 630 1379 699 t

227 715 323 777 landa
338 717 493 797 potentia,
509 717 584 779 licet
595 729 835 796 consequenter
847 717 895 778 vel
908 736 967 798 per
970 718 1135 781 'accidens
1147 727 1315 800 operetur.

227 812 358 876 Certum
381 825 489 878 autem
511 814 672 876 indicium
693 814 777 889 erit„
791 814 980 894 qualitatem
1000 814 1040 876 ad
1066 816 1212 896 aliquam
1238 833 1318 895 ope·
1378 802 1379 867 l

228 914 390 976 rationem
407 915 450 976 ita
465 914 626 988 ordinari,
644 913 788 994 quando,
806 914 997 976 necessitate
1013 914 1103 977 illius'
1114 914 1317 995 operationis

229 1015 383 1093 seposita,
400 1030 466 1075 non
487 1012 703 1075 necessariam
725 1010 815 1073 illam
832 1021 887 1072 aut
905 1014 1003 1073 etiam
1029 1012 1229 1092 superfluam
1252 1014 1320 1075 exi·
1378 1002 1379 1079 l

231 1110 357 1172 stinvari
381 1119 545 1191 oporteret
559 1129 569 1187 ;
586 1121 622 1171 nt
640 1129 670 1171 v.
688 1108 905 1198 grqvoluqtas
921 1109 992 1173 sine
1008 1110 1077 1173 suis
1092 1111 1218 1175 actibus
1233 1122 1319 1173 esset
1378 1084 1379 1127 ¹

229 1210 327 1290 plane
338 1227 586 1290 supervacanea,
600 1210 668 1271 imo
677 1208 784 1287 neque
796 1208 926 1288 concipi
942 1219 1063 1289 posset.
1079 1208 1196 1272 Contra
1208 1221 1318 1275 autem

232 1328 335 1393 quum
351 1309 503 1392 qualitas,
521 1309 617 1371 etiam
631 1316 718 1370 certa
730 1307 841 1387 aliqua
853 1309 1044 1388 operatione
1056 1309 1193 1384 seclusa,
1210 1312 1320 1372 adhuc

231 1410 413 1474 necessaria
433 1408 482 1470 vel
503 1408 593 1470 utilis
609 1417 657 1470 εει
673 1405 713 1468 ad
727 1405 919 1469 substantiae
932 1407 1178 1489 perfectionem,
1194 1411 1257 1472 hoc
1270 1409 1321 1471 in-

231 1509 320 1572 dicio
342 1509 418 1583 erit,
434 1525 506 1570 eam
529 1517 663 1587 propter
685 1506 913 1586 operationem
934 1508 1024 1570 illam
1040 1526 1106 1571 non
1126 1527 1218 1586 esse;
1237 1519 1272 1570 ut
1288 1528 1318 1570 v.

231 1624 280 1686 gr.
297 1606 344 1667 vis
363 1605 473 1668 radios
496 1604 679 1667 luminosos
694 1602 886 1666 reflectendi
906 1616 961 1668 aut
976 1605 1176 1670 absorbendi
1195 1618 1251 1670 aut
1267 1625 1320 1669 re·

232 1703 409 1783 fringendi,
434 1719 507 1782 quae
532 1700 617 1764 vires
639 1720 677 1763 ex
700 1703 772 1781 ipsa
792 1712 905 1764 natura
928 1721 1105 1783 corporum
1135 1722 1320 1786 eorumque

231 1802 741 1881 constitutioneconsequuntur.
1123 1822 1127 1830 ·
1187 1830 1190 1835 >

270 1903 346 1967 1180.
364 1898 584 1978 Celeberrima
609 1909 657 1961 est
682 1899 837 1979 potentiae
859 1899 978 1962 divisio
995 1901 1029 1962 in
1047 1903 1184 1965 activam
1197 1912 1229 1965 et
1244 1922 1318 1985 pas·

233 2005 347 2064 sivam.
375 1998 525 2060 Potentia
553 1999 656 2059 activa
686 2008 734 2060 est
755 1998 949 2078 principium
975 2000 1211 2063 mutationum
1242 2004 1319 2071 olio.

234 2101 362 2165 Passiva
377 2107 486 2160 autem
506 2096 696 2177 principium
711 2098 859 2175 recipiens
879 2089 1080 2160 mutationem
1099 2099 1137 2160 oft
1151 2100 1225 2162 alio
1243 2100 1322 2172 Quae
1378 2154 1379 2193 ,

233 2197 479 2262 divisiomelius
492 2194 756 2273 intelligeturubi
769 2212 877 2257 sermo
885 2195 948 2256 erit
960 2196 1000 2258 de
1012 2198 1131 2258 causis.
1141 2195 1235 2260 Nunc
1251 2201 1320 2262 haec

234 2299 374 2361 breviter
390 2303 504 2358 notare
518 2290 669 2354 sufficiet.
814 2317 821 2330 ·

276 2399 308 2460 l⁰
330 2397 437 2457 Potest
459 2393 573 2455 eadem
600 2391 748 2472 potentia
776 2407 847 2453 esse
874 2391 976 2453 activa
998 2402 1029 2454 et
1055 2395 1181 2474 passiva
1203 2397 1320 2458 saltem

234 2502 383 2573 respectu
410 2492 615 2553 diversorum
645 2500 791 2566 actuum
822 2500 908 2553 utv
933 2508 982 2570 gr.
1011 2492 1207 2566 intellectus,
1239 2511 1321 2575 qua·

232 2604 327 2656 tenus
349 2588 509 2652 abstrahit
529 2588 578 2650 vel
600 2588 750 2664 attendit,
778 2589 880 2649 activa
904 2590 1048 2690 potentia
1076 2602 1136 2663 est,
1158 2604 1320 2671 quatenus
1378 2603 1379 2658 l

233 2693 306 2755 idea
321 2689 527 2762 informatur,
542 2687 679 2765 passiva

273 2791 306 2852 ιθ
327 2787 467 2850 Nomine
497 2785 651 2866 potentiae
674 2783 806 2865 postico
843 2803 909 2848 non
940 2785 1137 2867 intelligitur
1173 2791 1320 2868 potentia

233 2887 316 2970 pure'
337 2886 461 2966 passiva
486 2885 581 2963 (forte
602 2885 692 2947 enim
715 2886 806 2946 nulla
833 2888 954 2965 poterit
977 2888 1117 2948 inveniri
1145 2888 1178 2949 in
1201 2906 1321 2967 genere
1378 2883 1379 2936 ἕ

232 2985 400 3098 qualitatis
418 2983 563 3063 potentia
587 2984 816 3063 hujusmodi);
830 2985 886 3046 sed
903 2987 1047 3064 potentia
1063 3005 1135 3066 quae
1158 3005 1224 3050 non
1240 2987 1318 3068 agit,
1378 2959 1379 3028 Ῐ

232 3086 297 3148 nisi
314 3082 354 3144 ab
366 3083 431 3145 alio
448 3091 626 3158 moveatur,
644 3092 680 3143 ut
693 3092 785 3144 estv.
801 3098 851 3161 gr.
865 3084 1015 3145 sentitiva
1032 3084 1179 3149 facultas.

273 3185 307 3246 5⁰
329 3182 447 3243 Activae
463 3184 615 3261 potentiae
629 3189 705 3241 sunt
721 3181 769 3241 vel
787 3198 869 3259 pure
891 3181 1012 3254 activae,
1028 3183 1076 3243 vel
1092 3182 1203 3245 activae
1219 3184 1321 3247 simul
1378 3201 1379 3264 t

232 3293 264 3343 et
279 3281 423 3361 passivae
441 3280 589 3341 Potentia
610 3295 691 3357 pure
706 3279 808 3339 activa
824 3292 870 3339 εει
887 3297 960 3359 qnae
974 3281 1063 3342 elicit
1079 3298 1175 3343 suum
1197 3292 1320 3358 actum,

233 3377 289 3440 sed
306 3376 401 3437 illum
415 3392 480 3436 non
494 3376 624 3453 recipit,
643 3384 679 3435 ut
693 3384 741 3435 est
752 3376 888 3437 facultas
901 3376 1117 3440 locomotiva
1110 3398 1143 3441 vn
1155 3382 1318 3443 animali·
1378 3379 1379 3382 ’

232 3486 322 3537 actus
344 3472 433 3534 enim
450 3471 557 3572 huius
575 3472 729 3550 potentiae
752 3488 818 3533 non
846 3474 879 3532 in
901 3473 972 3552 ipsa
992 3479 1137 3555 potentia
1157 3480 1320 3559 recipitur
1378 3493 1379 3544 3

232 3573 340 3637 sedin
366 3568 536 3631 membris.
550 3543 610 3631 Est
632 3577 742 3629 autem
772 3571 874 3632 activa
889 3574 988 3634 simul
1005 3585 1035 3636 et
1054 3576 1178 3655 passiva
1194 3595 1266 3657 quae
1289 3593 1322 3642 et
1378 3569 1379 3648 l

232 3672 323 3737 elicit
345 3687 441 3732 suum
464 3677 572 3729 actum
595 3677 627 3729 et
649 3668 744 3730 illum
769 3672 897 3752 recipit,
921 3686 956 3734 ut
980 3684 1071 3737 estv.
1095 3692 1145 3755 gr.
1168 3680 1321 3741 voluntas
1378 3679 1379 3748 l

233 3776 388 3837 humana.
1378 3773 1379 3866 l

270 3871 304 3934 4⁰
325 3872 418 3934 Juxta
432 3866 651 3931 Leibnitzium
668 3868 715 3930 cis
730 3887 748 3930 a
763 3870 909 3949 potentia
926 3874 1027 3934 activa
1050 3875 1085 3936 in
1110 3876 1172 3956 hoc
1194 3876 1319 3953 differt,
1378 3873 1379 3958 3

232 3968 320 4052 quod
340 3966 515 4049 «potentia
526 3985 583 4030 seu
596 3966 731 4031 facultas
745 3969 831 4031 nihil
844 3970 935 4032 aliud
951 3980 998 4036 est
1010 3989 1111 4053 quam
1127 3976 1322 4061 propinqua
1378 3971 1379 4048 l
