2792 4600
186 366 246 430 tao
638 378 812 427 outonocnt.

187 504 291 575 potest
306 514 343 559 ac
365 496 461 559 debet
477 496 517 557 de
532 496 610 558 alio.
628 494 713 575 Ergo
728 505 803 557 sunt
820 495 950 558 realiter
977 495 1141 559 distincta.
1160 496 1196 559 ln
1213 496 1279 561 hoc

186 594 274 656 euim
298 595 453 676 ponimus
484 612 598 656 omnes
622 594 743 655 realem
772 591 1035 670 distinctionem,
1059 595 1147 676 quod
1171 611 1277 658 unum

186 693 310 756 nonsit
335 693 515 756 secuudum
542 711 611 755 rem
628 692 731 768 alind,
749 692 838 772 qnod
856 710 924 754 esse
937 692 1037 755 nnius
1064 694 1187 756 nonsit
1206 711 1279 757 esse

153 781 169 812 ⁰
186 792 331 854 alterius.
349 792 383 855 Si
401 811 477 854 varo
504 793 615 854 dicant
631 794 715 853 hanc
730 810 800 853 esse
817 782 987 855 formalem
1005 811 1071 855 non
1088 793 1211 865 realem¹
1225 792 1280 854 di·

185 891 411 964 stinctionem‚
440 892 473 952 in
498 892 616 970 primis
638 909 758 953 nomen
784 891 958 964 diversum,
977 892 1158 973 prasertim
1185 892 1211 954 si
1236 890 1280 954 ad

186 989 359 1052 arbitrium
376 991 567 1071 impositum
581 991 632 1059 sit,
651 1008 720 1051 rem
738 989 898 1051 diversam
912 1008 977 1052 non
996 990 1084 1061 facit,
1102 1009 1162 1053 nec
1178 988 1279 1052 realis

188 1089 411 1152 distinctionis
427 1096 529 1150 mutat
544 1096 751 1167 conceptum.
766 1087 891 1150 Deinde
903 1089 1083 1169 quaerimus
1098 1106 1105 1155 :
1124 1089 1281 1151 identitas

189 1188 335 1251 iormalis
357 1208 386 1250 v.
404 1207 453 1267 gr.
474 1188 560 1249 inter
583 1188 751 1250 hominem
775 1197 806 1250 et
828 1189 949 1249 animal
973 1188 1133 1252 rationale
1162 1196 1210 1251 est
1236 1205 1281 1253 no

188 1304 263 1348 vera
288 1304 325 1347 ac
350 1286 446 1348 realis
472 1286 599 1348 unitas‘.l
624 1285 670 1347 lta
696 1304 785 1349 sanc.
809 1287 894 1366 Ergo
920 1288 1089 1350 distinctio
1116 1287 1280 1361 formalis,

189 1402 260 1464 qttae
289 1384 417 1447 lormali
443 1385 601 1446 identitati
633 1387 823 1464 opponitur,
849 1386 912 1447 erit
939 1404 1013 1447 vera
1035 1403 1072 1447 ac
1101 1386 1199 1447 realis
1222 1382 1277 1446 di·

189 1482 332 1545 stinctio.

230 1583 264 1643 5⁰
285 1582 318 1644 Si
346 1590 461 1644 natura
476 1601 502 1641 1.
519 1600 567 1660 gr.
586 1582 763 1644 Platonisa
789 1599 846 1643 sua
873 1581 1134 1645 individuatione
1156 1600 1193 1643 ex
1220 1598 1282 1643 na·

191 1690 262 1743 tura
283 1681 330 1744 rei
355 1698 421 1743 non
449 1680 685 1761 distinguitur,
709 1682 775 1759 jam
805 1681 895 1743 nulla
920 1681 1065 1744 Platonis
1093 1679 1283 1743 essentialia

192 1779 365 1859 praedicata
378 1797 415 1840 ex
432 1788 546 1840 natura
562 1780 608 1841 rei
622 1779 708 1840 inter
721 1797 755 1840 se
768 1778 1026 1858 distinguuntur.
1041 1770 1283 1859 Consequentia

191 1876 337 1956 legitima
354 1884 400 1937 est
418 1895 456 1937 ex
483 1877 620 1957 paritate
635 1877 784 1950 tationis,
802 1894 838 1938 ac
854 1877 894 1937 de
911 1876 981 1956 ipsa
1008 1875 1182 1937 adversarii
1211 1892 1282 1938 non

191 1966 354 2039 duliitant.
378 1977 441 2040 Sed
460 1987 608 2039 naturam
637 1977 781 2038 Platonis
808 1995 825 2038 a
852 1995 909 2039 sua
936 1975 1196 2063 individuatione
1212 1991 1283 2037 non

191 2077 349 2154 distingui
374 2095 411 2137 ex
434 2084 549 2138 natura
571 2076 617 2137 rei
639 2075 763 2156 jamin
788 2075 896 2157 primo
924 2075 1009 2138 libro
1036 2085 1204 2138 ostensum
1231 2082 1283 2137 est
1374 2078 1376 2123 ὲ

175 2176 275 2252 ’(111),
294 2176 373 2251 111).
391 2174 488 2254 Ergo.
1376 2188 1377 2197 ¹

125 2301 130 2308 ¹
231 2272 263 2335 4⁰
284 2274 368 2337 Noto
384 2273 539 2353 denique,
556 2272 716 2334 theoriam
734 2272 829 2348 hanc,
845 2274 871 2335 si
886 2271 926 2334 ad
951 2272 1060 2336 divina
1077 2269 1233 2334 attributa
1250 2279 1283 2334 et
1377 2266 1378 2283 ¹

191 2372 231 2433 ad
245 2371 490 2434 distinctionem
507 2370 693 2433 divinarum
711 2389 923 2450 personarum
936 2371 977 2432 ab
991 2371 1129 2433 essentia
1141 2369 1282 2433 transle-

192 2480 293 2546 ratur,
311 2470 446 2532 nimiam
464 2470 584 2536 habere
600 2469 787 2532 affinitatem
800 2489 874 2531 cnm
888 2488 999 2532 errore
1015 2470 1150 2534 Gilberti
1167 2487 1283 2549 porre-

192 2572 259 2632 tani
276 2588 294 2631 a
310 2570 458 2632 Concilio
470 2570 636 2630 rhemensi
650 2569 814 2632 damnato.
830 2568 1001 2631 Asserebat
1013 2567 1100 2630 enim
1114 2568 1283 2632 Gilbertus

193 2676 343 2729 naturam
355 2667 499 2728 divinam
515 2667 617 2728 Deum
631 2685 696 2729 non
712 2685 792 2740 esse,
812 2666 868 2728 sed
887 2666 1027 2729 sormam
1040 2685 1103 2747 qua
1117 2670 1200 2730 Deus
1212 2675 1282 2730 est:

193 2765 470 2846 quemadmodum
494 2765 680 2826 humanitas
707 2763 808 2826 homo
836 2781 902 2826 non
930 2761 986 2839 est,
1002 2765 1058 2829 sed
1085 2765 1189 2829 forma
1216 2783 1285 2846 qua

195 2873 243 2926 est
257 2867 378 2940 homo;
394 2864 472 2926 item
484 2865 688 2943 sapientiam,
703 2864 927 2934 eternitatem,
943 2873 1004 2925 etc.
1276 2935 1280 2946 ἶ

234 2962 307 3027 110.
333 2964 379 3024 Ad
406 2962 553 3024 eamdem
580 2961 795 3042 questionem
823 2960 1012 3022 solvendam
1034 2962 1284 3028 distinctionem

193 3061 355 3123 virtualem
370 3060 569 3121 intrinsecam
585 3061 617 3119 in
637 3059 783 3120 medium
798 3058 935 3121 attulere
951 3058 1085 3138 quidam
1101 3060 1281 3125 thomistae.

195 3158 368 3223 Distinctio
390 3170 496 3221 autem
527 3158 697 3232 virtualis,
722 3158 749 3220 si
774 3158 807 3219 11
832 3176 949 3238 genere
971 3158 1160 3239 accipiatur,
1191 3160 1282 3224 idem

194 3268 241 3320 est
260 3275 297 3319 ac
319 3253 545 3336 aequivalentia
568 3255 807 3332 distinctionis;
834 3274 906 3335 quae
929 3265 1006 3318 tunc
1028 3256 1137 3318 locum
1161 3257 1283 3336 habet,

195 3374 298 3439 quum
314 3374 379 3418 nna
394 3357 574 3436 eademqne
600 3372 650 3417 res
667 3355 779 3416 multis
796 3353 960 3415 distinctis
978 3353 1161 3434 aeqnivalet.
1179 3358 1284 3421 Porro

197 3452 1285 3533 haberiaeqnivaleutiamhujusmodihoctenemquodnnaeadem·

196 3570 260 3632 que
275 3567 370 3612 causa
386 3567 557 3612 cansarum
584 3549 788 3610 diversarum
807 3549 966 3628 producat
991 3548 1134 3624 effectus,
1151 3551 1200 3613 vel
1218 3570 1284 3618 nna

197 3651 375 3728 eademqne
392 3646 549 3727 perfectio
570 3646 786 3727 perfectiones
813 3647 1019 3708 diversorum
1045 3647 1172 3710 entium
1198 3651 1232 3711 in
1247 3668 1285 3713 se
1312 3703 1317 3710 .

37 3785 40 3832 t
197 3749 372 3821 contineat,
391 3749 454 3808 lion
469 3754 557 3807 extra
572 3763 703 3808 omnem
729 3762 862 3826 prorsus
878 3744 1117 3808 dubitationem
1131 3757 1178 3809 est
1193 3749 1285 3828 posi·

38 3841 40 3886 t
197 3857 267 3907 tum
282 3846 377 3922 1155).

189 3933 194 3940 ’
238 3943 311 4006 tlt.
333 3943 397 4004 Sed
425 3960 491 4005 non
508 3944 541 4003 iu
559 3942 728 4021 disposita
743 3950 791 4003 est
806 3939 975 4003 distinctio
991 3939 1141 4003 virtualis
1157 3941 1282 4005 tlromi·

200 4053 353 4107 strarum.
376 4044 493 4104 Putant
516 4039 578 4122 ipsi
603 4039 862 4121 aequivalentium
890 4037 1112 4101 distinctionis
1140 4055 1285 4122 eousque

551 4153 572 4196 e
