2792 4600
439 319 526 365 urana
547 319 708 378 susurrus,
732 319 823 365 orror
846 320 885 367 tv.
1137 307 1203 372 473

22 500 23 527 3
108 433 276 513 quentiam
311 433 487 514 negabunt,
520 435 598 515 quia
631 433 818 497 animalitas
845 443 875 497 et
898 435 1101 500 rationalitas
1125 447 1203 502 sunt

110 535 255 597 bominis
283 533 509 610 virtualitates,
534 542 569 597 ut
586 534 649 615 ipsi
665 535 769 609 aiunt,
787 534 934 600 diversae.
950 535 1106 619 idemque
1120 557 1203 605 con·

108 631 213 712 tinget
228 633 263 694 in
279 633 353 696 aliis
369 634 553 696 ratiociniis
570 633 766 697 innumeris.

126 752 179 824 ot
202 751 364 816 Omnibus
379 751 636 814 absurditatibus
653 751 738 812 viam
754 751 870 830 aperit.
889 750 1013 815 Poterit
1025 771 1113 815 emm
1140 753 1204 816 du·

110 849 186 928 plex
200 850 457 913 contradictoria
481 851 666 931 propositio
688 869 726 911 ex
749 868 844 932 usquo
859 849 1003 924 delendi,
1020 851 1206 963 dummodo

110 946 260 1009 virtualis
273 947 440 1010 distinctio
456 949 564 1028 aliqua
581 958 798 1028 supponatur.

151 1069 180 1141 c)
205 1066 274 1127 lmo
289 1063 452 1125 virtualis
463 1063 666 1126 distinctio
659 1080 691 1125 tn
720 1062 790 1143 ipsa
807 1062 999 1126 delinitione
1015 1081 1072 1126 sua
1089 1065 1208 1126 absur·
1274 1087 1277 1090 ⁴

111 1159 194 1222 dum
210 1162 381 1223 continere
402 1161 543 1222 videtur.
561 1159 644 1232 Quid
670 1165 759 1223 enirn
783 1162 886 1241 magis
908 1162 1088 1224 absurdum
1106 1182 1206 1244 quarn

107 1252 649 1339 subjectumduocontradictoria
642 1278 676 1322 ιιι
690 1279 723 1322 se
736 1262 940 1341 conjungens
950 1264 1022 1324 sine
1035 1263 1152 1324 actuali
1170 1262 1206 1323 in

109 1359 223 1438 seipso
239 1376 276 1420 ac
287 1375 361 1440 nera
377 1358 609 1423 distinctione?

151 1457 339 1519 Mirandum
356 1474 432 1536 ergo
449 1473 513 1519 non
530 1466 578 1517 est
601 1457 861 1519 commentitiam
879 1459 1068 1535 hujusmodi
1085 1459 1207 1520 distin
1211 1446 1214 1451 ⁵

22 1596 23 1601 κ
110 1558 221 1618 ctione
224 1572 256 1616 m
272 1555 313 1617 ab
329 1555 484 1618 omnibus
500 1556 623 1618 scholis
639 1566 670 1617 et
686 1574 703 1615 a
720 1555 875 1637 plurimis
891 1573 1023 1638 quoque
1039 1559 1208 1620 themistis

63 1638 66 1647 ¹
111 1656 215 1718 luisse
230 1655 396 1736 rejectam.
460 1702 463 1710 .

152 1770 226 1833 747.
252 1773 434 1836 Pnorosrrro
463 1771 514 1834 Vl
551 1771 711 1837 Distinctio
737 1773 818 1833 inter
842 1772 1015 1833 essentialia
1039 1774 1208 1853 proedtcotc

113 1880 154 1932 est
167 1877 252 1931 merla
267 1872 423 1933 distinctio
434 1872 579 1934 rationis.

152 1969 284 2034 Etenim
312 1970 497 2031 essentialia
521 1972 589 2033 haec
613 1971 788 2051 praedicata
812 1969 845 2030 l⁰
866 1987 932 2033 non
956 1969 1208 2051 distinguuntur

114 2078 185 2131 actu
202 2077 277 2131 ante
293 2068 479 2132 intellectus
495 2069 724 2149 operationem
742 2088 749 2133 :
768 2085 834 2131 non
851 2069 939 2131 enim
957 2070 1208 2151 distinguuntur

115 2167 246 2230 realiter
262 2181 297 2230 ut
312 2165 520 2229 manifestum
544 2177 590 2229 est
610 2185 618 2244 ;
645 2176 713 2230 tum
742 2167 960 2248 quianullum
978 2169 1139 2232 iudicium
1156 2179 1208 2234 est

114 2275 168 2330 ant
183 2266 359 2330 necessitas
376 2267 597 2332 distinctionis
616 2270 829 2349 hujusmodi;
849 2281 918 2334 tum
935 2273 1013 2353 quia
1030 2274 1205 2356 quodlibet

113 2366 217 2441 exiis,
231 2376 267 2428 ut
283 2376 329 2430 est
354 2366 386 2429 in
402 2377 486 2430 statn
504 2369 584 2430 reali
601 2388 637 2431 ac
654 2382 819 2447 concreto,
837 2388 911 2434 cum
928 2372 1060 2434 veritate
1076 2373 1116 2434 de
1128 2374 1204 2435 aliis
1265 2403 1267 2406 ·

112 2466 293 2528 affirmatur
309 2485 316 2530 :
334 2485 408 2528 vere
434 2467 521 2528 enim
553 2469 696 2530 dicitnr:
724 2470 813 2532 Plato
829 2479 876 2532 est
904 2470 1016 2532 homo.
1035 2472 1138 2535 Homo
1154 2481 1206 2535 est

111 2566 246 2628 animal.
259 2565 388 2628 Animal
402 2566 547 2629 Platonis
560 2576 606 2629 est
619 2567 777 2629 rationale
789 2578 851 2632 eto.
864 2568 897 2629 7ο
909 2568 978 2632 Νοιι
992 2570 1202 2649 distinguun-

111 2679 166 2730 tur
178 2668 371 2744 formaliter,
385 2676 419 2730 ut
437 2668 532 2731 modo
549 2668 721 2749 probatum
739 2680 798 2732 est.
814 2670 975 2751 miteque
992 2669 1201 2751 distinguun-

113 2776 167 2830 tur
191 2767 384 2840 virtualiten
413 2786 486 2849 quae
513 2767 682 2830 distinctio
712 2753 795 2830 foret
821 2767 946 2848 aliquid
965 2771 1067 2847 majus
1082 2768 1201 2831 distin·

115 2867 222 2929 ctione
245 2866 382 2928 rationis
401 2866 483 2944 (747,
501 2867 558 2945 5⁰).
576 2868 684 2932 Restat
700 2884 780 2949 ergo
793 2876 827 2929 ιιι
844 2866 969 2928 ratione
990 2867 1203 2931 solummodo

115 2965 370 3047 distinguantur.

155 3081 226 3145 74.8
244 3080 322 3153 Quae
339 3079 476 3144 rationis
492 3079 659 3142 distinctio
672 3079 719 3154 tit,
732 3088 874 3160 utsupra
887 3077 1031 3142 diximus
1044 3081 1127 3160 (755,
1143 3083 1199 3160 1⁰),

119 3157 173 3261 pe³r
200 3181 311 3262 plures
343 3186 520 3261 conceptus
554 3178 739 3260 praecisivos
772 3187 802 3239 et
825 3177 1053 3257 incompletos,
1079 3179 1203 3259 quibus

22 3341 23 3356 ,
119 3280 278 3360 objectum
295 3280 381 3342 reale
397 3296 462 3342 non
478 3296 612 3360 prorsus
637 3285 671 3341 ut
687 3277 720 3338 in
738 3295 771 3338 se
787 3289 845 3351 est,
863 3275 918 3338 sed
932 3293 1007 3338 cum
1024 3276 1158 3358 aliqna'
1150 3296 1202 3340 m·

22 3457 23 3464 ἵ
123 3378 390 3442 determinatione
406 3387 437 3441 et
452 3378 650 3440 obscuritate
665 3376 829 3456 concipio.
847 3373 886 3439 Ut
910 3393 1010 3456 quum
1028 3396 1056 3439 v.
1074 3394 1122 3458 gr.
1141 3378 1204 3443 bo·

122 3478 238 3539 minem
255 3495 273 3538 a
289 3476 387 3557 longe
401 3474 527 3552 videns,
545 3474 697 3538 animalis
724 3472 833 3536 solum
850 3472 956 3535 ideam
972 3474 1113 3556 excipio,
1132 3476 1207 3539 haec

124 3573 202 3651 idea,
226 3593 414 3656 quanquam
438 3593 498 3656 pro
520 3574 648 3655 objecto
670 3573 749 3636 reali
775 3572 943 3635 hominem
982 3573 1109 3651 habeat,
1133 3593 1204 3639 non

122 3684 224 3739 tamen
241 3685 449 3759 repraesentat
466 3677 645 3750 hominem,
663 3694 721 3739 seu
737 3673 858 3737 animai
875 3673 958 3736 illud
971 3675 1058 3737 reale
1071 3676 1155 3739 utin
1169 3694 1207 3737 se

126 3787 181 3852 est,
203 3776 257 3837 sed
286 3775 442 3838 duntaxat
464 3774 584 3837 animal
607 3792 722 3856 vagum
745 3782 774 3837 et
799 3772 1089 3835 indeterminatum
1113 3773 1206 3855 quod

126 3883 227 3936 mente
241 3875 438 3936 abstractum
455 3882 514 3938 est.

165 3970 230 4038 749.
247 3972 330 4037 ilinc
346 3974 379 4035 l⁰
395 3970 988 4056 confirmaturquodcontrascotistas
1006 3968 1211 4034 inculcatum
1228 4042 1237 4059 ,

263 4102 473 4154 msrrrnrrouss,
493 4102 553 4145 uro.
575 4102 604 4142 n.
1041 4099 1056 4141 a
