2792 4600
170 428 232 492 430
665 447 766 492 runnu.

243 561 331 618 cludit
344 561 434 618 ideam
453 577 555 619 causae.
572 560 664 618 Princ.
682 561 798 619 rationis
820 560 983 617 sullicientis
997 560 1181 618 demonstrari

243 650 299 691 non
327 646 416 706 potest
439 636 500 692 sine
519 636 623 692 circulo
636 636 747 692 vitioso.
765 636 794 692 Si
809 636 898 706 princ.
913 635 1084 691 causalitatis
1106 645 1181 692 essct

243 709 370 766 absolute
383 721 500 778 certum,
514 711 611 766 omnes
625 711 757 766 veritates
769 710 962 783 contingentes
975 724 1037 781 quae
1051 709 1092 764 illi
1106 708 1182 768 inui-

245 791 351 850 tuntur‚
365 783 498 839 habendae
512 793 587 840 esset
599 794 630 838 ut
642 784 768 839 absolute
779 783 954 839 necessariae.
969 782 1128 840 solutiones
1172 824 1179 840 .
1203 782 1260 839 151

553 905 673 980 ’113311
693 922 855 980 nunnius.

443 1012 556 1063 CAPUT
573 1014 595 1062 l.
614 1014 652 1062 1111
667 1025 771 1063 1113111111
789 1025 979 1063 conmunione.

169 1106 236 1163 Anr.
253 1108 274 1163 l.
289 1112 456 1178 Perfecttooir
469 1114 548 1164 notio.
564 1108 637 1176 Quid
660 1109 697 1164 sit
710 1109 874 1179 perlectum.
890 1107 1026 1165 Perlcctio
1046 1108 1139 1165 totalis
1153 1119 1181 1166 et

244 1183 378 1252 partialis.
394 1184 505 1238 Entium
531 1182 672 1238 finitorum
700 1183 832 1254 perfectio
855 1183 884 1237 in
907 1182 1004 1238 ordine
1022 1183 1057 1239 ad
1083 1183 1177 1239 linem.

243 1256 380 1311 Perfectio
403 1258 565 1312 substantiae
591 1267 619 1312 ct
640 1256 836 1312 accidentium.
863 1255 998 1312 Persectio
1020 1272 1036 1311 3
1059 1258 1181 1314 bonitate

244 1329 336 1399 reipsa
349 1346 404 1385 non
425 1330 682 1403 distinguitur-ejus
706 1331 799 1404 regula
822 1340 865 1385 est
890 1329 1103 1400 linis-perlectio
1117 1346 1181 1402 par·

243 1402 313 1456 tium
396 1443 918 1459 .......
1086 1447 1091 1457 .
1170 1445 1177 1461 .
1201 1403 1258 1461 too

170 1475 236 1531 Aur.
250 1475 284 1530 11.
300 1480 336 1529 De
352 1480 552 1546 perfectionibus
560 1480 743 1542 partitionibus
756 1484 781 1530 et
793 1481 923 1543 prodibat.
939 1476 1075 1532 Persectio
1089 1478 1180 1534 totalis

243 1550 368 1605 absoluta
380 1562 408 1606 et
417 1550 648 1620 relativa-duplex
659 1551 700 1606 eis
719 1549 891 1620 respondens
914 1551 1096 1621 imperiectio.
1112 1551 1181 1607 Pcr-

242 1623 376 1678 lectioncs
386 1626 515 1694 partiales
529 1623 671 1694 simplices
684 1634 712 1680 et
723 1624 996 1679 mixte-essentiales
1009 1634 1037 1679 et
1051 1624 1180 1681 acciden-

243 1697 323 1752 tales.
348 1697 484 1753 Perlcctio
509 1699 635 1753 absoluta
661 1699 753 1753 nullos
778 1697 898 1752 admittit
928 1698 1180 1771 gradus-perfectio

244 1768 357 1826 relativa
370 1772 472 1844 gradus
485 1772 606 1827 admittit
619 1781 677 1827 tum
690 1773 843 1839 extenslve,
855 1780 913 1826 tunt
925 1772 1071 1827 intensive.
1087 1772 1155 1827 Peri
1168 1803 1181 1813 -

243 1844 366 1899 ctionum
391 1845 501 1915 partitio
578 1883 1179 1903 ........
1202 1847 1258 1904 toa

326 1951 440 2000 CAPUT
462 1953 494 2001 ll.
512 1953 552 2000 lin
567 1963 792 2002 nnurmrromnus
808 1963 897 2008 33313
914 1964 1098 2002 1311131113.

170 2043 237 2102 Aur.
254 2045 275 2100 1.
294 2050 332 2100 lle
342 2051 452 2112 simplici
464 2055 490 2100 et
502 2049 645 2112 composito.
668 2045 810 2116 Simplicis
823 2055 851 2101 et
863 2045 1009 2116 compositi
1023 2048 1107 2102 notio.
1122 2045 1179 2105 lle-

244 2119 321 2175 dium
334 2121 407 2176 iuter
420 2131 577 2191 utrumque.
596 2120 765 2190 Simplicitas
775 2120 804 2175 in
817 2121 909 2190 aliquo
923 2134 1033 2192 genere,
1049 2131 1076 2178 et
1097 2124 1181 2180 abso·

244 2193 311 2249 luta.
328 2194 451 2265 Simplex
473 2211 507 2249 an
530 2194 717 2264 aliquomodo
735 2195 772 2248 sit
792 2193 1042 2250 dirisiltile-diliert
1053 2197 1087 2251 ab
1102 2197 1180 2252 inex·

244 2277 334 2324 tenso.
351 2269 481 2325 1133111113
495 2268 517 2325 l
533 2272 667 2334 Conpositi
679 2272 805 2322 nationem
816 2269 976 2334 coperientia
989 2278 1097 2329 caterno
1110 2274 1182 2326 113113

243 2347 401 2407 impeditam
428 2345 600 2408 rirnplioitatis
613 2359 671 2397 oero
683 2347 804 2397 coactitia
817 2346 899 2396 ideam
913 2348 1072 2408 experientia
1097 2351 1181 2400 totam

244 2419 348 2470 interna
357 2420 449 2482 pipnit.
461 2419 592 2472 13333113
603 2417 613 2471 l
617 2418 637 2471 l.
648 2419 782 2480 compositi
788 2419 912 2485 perfectio
925 2433 959 2470 ee
971 2426 1041 2470 certo
1053 2427 1181 2473 certarum

242 2495 356 2555 partiam
368 2494 542 2556 conjunctione
554 2495 693 2557 concerpit,
706 2493 831 2559 perfectio
841 2499 928 2543 cotem
938 2494 1060 2555 rimplicis
1078 2497 1130 2547 3113
1142 2502 1180 2549 est

245 2567 273 2616 in
283 2568 393 2628 position
405 2569 492 2630 ctipaa
505 2569 633 2627 realitate,
647 2581 704 2630 paor
716 2567 921 2629 compositionem
944 2569 1069 2620 esctoott.
1082 2567 1181 2623 Assen-

245 2651 288 2691 rto
303 2637 350 2691 lll.
366 2641 493 2702 Simplicio
506 2642 576 2691 notio
589 2642 706 2704 nepatioa
718 2653 768 2690 con
781 2646 829 2692 ert.
845 2640 977 2693 Assunnro
993 2637 1036 2693 lv.
1053 2643 1179 2709 Perfeotio

245 2727 301 2777 pua
312 2726 347 2765 ea·
357 2715 534 2776 compositione
544 2716 627 2765 oritnr
640 2715 787 2777 continpem
793 2717 841 2777 ert,
850 2727 905 2777 paro
918 2728 977 2765 cero
988 2728 1044 2765 cam
1056 2717 1180 2779 simplici-

244 2792 298 2838 tate
322 2789 444 2852 sociatio,
458 2789 536 2838 etiam
558 2801 615 2838 cam
635 2789 735 2839 errandi
760 2789 909 2839 noceantne
926 2794 1008 2850 poteat
1027 2791 1177 2844 connitere.

245 2858 414 2928 Compositio
425 2858 537 2930 physica
547 2868 575 2913 et
584 2858 771 2930 metaphysica
828 2898 1176 2917 .....
1199 2865 1254 2921 tot

170 2933 238 2990 Anu.
255 2930 288 2986 ll.
301 2937 337 2985 De
349 2940 401 2985 toto
413 2941 438 2984 et
448 2936 575 2996 partious.
591 2932 622 2987 ln
635 2947 690 3002 quo
703 2932 834 2987 dill'crunt
847 2941 944 3000 totum,
959 2934 1141 3002 compositum
1151 2944 1180 2992 et

244 3004 407 3077 perlectum.
423 3006 520 3060 Totum
540 3007 574 3061 311
588 3007 718 3061 omnious
741 3007 865 3075 partious
887 3005 1042 3076 conjunctis
1064 3008 1179 3065 minime

244 3079 434 3151 distinguitur.
451 3078 590 3149 Oppositas
603 3079 749 3135 seutentiae
763 3078 901 3134 rclutatio.
917 3080 1039 3135 Partiurn
1054 3082 1178 3139 unitioin

244 3152 564 3223 totononestaliqnidn
578 3154 743 3222 partiousre
757 3152 918 3212 distinctum
997 3197 1003 3206 .
1082 3196 1089 3209 .
1170 3199 1176 3212 .
1200 3159 1255 3215 166

170 3230 235 3284 Aur.
253 3226 299 3282 lll.
314 3231 351 3280 De
374 3230 446 3290 finito
469 3234 495 3279 et
514 3230 625 3290 tripoito.
647 3225 720 3293 Quid
747 3228 783 3281 sit
808 3226 1177 3287 {irritum-infinitumdimes.

247 3299 388 3357 inlinitum
401 3309 463 3354 actu
476 3311 505 3355 et
518 3299 785 3370 potentia-quantum
797 3300 1055 3356 intersedillerunt.
1068 3303 1179 3373 Triplex

244 3373 383 3440 inlinitum
395 3373 568 3429 considerari
583 3383 683 3444 potest,
696 3375 896 3445 magnitudine,
912 3375 1100 3445 multitudine,
1115 3393 1179 3447 per·

243 3448 371 3503 lectione.
389 3446 497 3502 infinita
510 3448 648 3517 quantitas
662 3446 786 3503 lormnlis
806 3458 834 3503 et
846 3448 982 3503 virtualis,
999 3450 1079 3504 Pnon.
1097 3450 1117 3505 l.
1132 3455 1179 3505 ln-

241 3527 343 3588 finitam
356 3529 417 3573 acta
428 3525 510 3585 finitis
520 3525 704 3585 acceptionibus
717 3526 851 3584 eniaariri
864 3538 914 3575 non
934 3530 1027 3587 potest.
1044 3523 1125 3579 Pnor.
1141 3524 1176 3580 ll.

242 3599 375 3660 infinitam
390 3604 448 3647 acta
464 3597 621 3659 pertransiri
634 3599 731 3661 necuit.
746 3596 826 3649 Pnon.
854 3595 901 3649 lll.
927 3600 1081 3660 Ι1131111313
1094 3601 1179 3652 eodem

240 3685 332 3735 perere
357 3673 481 3721 darentur
502 3672 707 3732 infinitatione
731 3672 813 3722 altero
835 3674 916 3734 major
938 3685 992 3723 ecre
1011 3687 1061 3724 non
1082 3681 1177 3737 portet.

242 3744 324 3797 Pnon.
341 3741 385 3796 tv,
400 3745 511 3795 Finitom
521 3758 567 3806 per
578 3747 648 3807 piniti
657 3746 811 3795 additionem
821 3760 871 3796 non
881 3752 963 3807 potest
977 3748 1107 3809 infinitum
1120 3762 1178 3800 eoa·

223 3867 225 3869 .
241 3820 311 3870 dere.
326 3815 409 3869 Pnor.
426 3815 455 3870 V.
471 3815 1045 3881 111333331131133311331313313131131133
1067 3823 1179 3873 circlate

242 3893 370 3955 optimam.
388 3888 471 3943 Pnor.
489 3889 531 3942 Vl.
547 3893 697 3954 Differentia
710 3894 780 3954 finiti
803 3893 834 3943 31
848 3894 948 3955 infinito
960 3908 1009 3944 non
1020 3901 1102 3957 potest
1125 3909 1180 3946 eote

241 3966 340 4029 aliquid
360 3963 473 4027 finitam.
490 3962 572 4017 Pnon.
590 3962 735 4017 11131113
757 3972 795 4017 eat
820 3967 887 4017 ratio
909 3967 1006 4029 infiniti
1019 3969 1175 4030 adfinitum.

241 4037 324 4091 Pnor.
346 4036 415 4090 lllll.
439 4039 601 4100 indefinitam
627 4053 754 4102 nunqnam
776 4045 859 4101 potest
882 4047 941 4091 ootc
965 4042 1094 4103 infinitam
1107 4043 1178 4104 fieri.

241 4110 322 4164 Pnon.
338 4109 384 4162 lx.
399 4112 533 4173 infinitam
546 4118 604 4162 acta
617 4126 667 4163 non
676 4117 760 4175 potest
774 4114 827 4163 nlla
841 4120 959 4175 reporto
970 4118 1105 4167 terminari
1169 4156 1176 4170 .
1203 4119 1257 4175 169
