2792 4600
432 379 518 424 urere
539 379 682 439 nonnum,
706 380 797 426 orror
819 382 853 427 u.
1129 366 1189 440 tlt

142 494 176 557 2⁰
199 491 364 556 Bonnetus
375 494 412 572 (r)
425 494 590 574 opinatur,
609 494 690 557 duos
704 481 720 556 a
735 495 799 557 Deo
812 495 1005 560 constitutos
1019 514 1089 560 esse
1105 499 1196 562 ordi·

101 609 173 668 nes,
190 591 338 673 duasque
357 610 530 657 causarum
554 594 667 670 series,
685 613 724 657 ex
740 613 879 675 quarum
896 595 1002 676 prima
1017 608 1196 662 consuetus

102 700 227 754 nature
249 710 366 766 cursus
387 691 544 766 dimanet,
571 711 609 754 ex
635 692 736 754 altera
765 710 842 755 vero
869 693 988 757 insueti
1012 695 1199 759 effectusac

102 800 220 869 praeter
234 798 427 853 consuetum
445 799 567 853 naturae
583 808 728 864 cursum,
754 789 902 853 incertis
923 791 1121 872 quibusdam
1146 794 1197 856 lo·

101 906 228 963 corum,
238 899 439 970 temporum,
454 906 667 970 personarum
676 889 939 970 adjunctisabeo
948 892 1084 971 paretis,
1098 891 1200 973 origi·

101 1003 179 1051 nom
197 988 349 1052 babeant.
378 987 523 1052 Miraculi
546 987 687 1070 proinde
707 989 799 1052 notio
817 989 908 1068 juxta
929 988 1112 1052 Bonnetum
1133 991 1201 1055 huc

101 1087 200 1165 redit,
217 1096 253 1149 ut
267 1089 310 1151 sit
324 1105 332 1153 :
346 1087 466 1171 effectur
483 1099 623 1151 consueto
638 1097 758 1151 nature
772 1088 878 1151 ourani
892 1091 1079 1165 contrarius,
1096 1110 1136 1153 ec
1150 1110 1201 1152 oc·

100 1187 182 1250 culto
193 1206 359 1251 contorum
370 1189 565 1250 naturalium
576 1189 693 1262 ordine,
704 1188 764 1250 lico
775 1198 982 1270 properante,
995 1208 1200 1270 promanant.

142 1286 177 1349 3⁰
205 1287 433 1351 Houttevillius
467 1289 503 1366 (a)
533 1287 666 1351 demum
699 1287 807 1364 docet,
837 1306 939 1351 uuum
970 1289 1201 1352 tantummodo

21 1379 23 1383 ⁴
103 1385 211 1465 legum
228 1386 430 1448 naturalium
451 1399 590 1468 systema
606 1404 624 1448 a
641 1386 707 1450 [leo
720 1386 821 1465 fuisse
843 1389 1071 1463 constitutum,
1102 1398 1202 1470 atque

103 1485 148 1546 itn
165 1484 376 1565 dispositum,
395 1494 430 1548 ut
445 1505 483 1547 ex
502 1503 541 1548 eo
568 1494 632 1546 tam
655 1484 805 1548 consueti
822 1485 966 1561 effectus,
992 1504 1074 1566 quos
1106 1497 1202 1548 natu·

103 1581 187 1644 rales
201 1583 311 1646 dicere
337 1583 495 1660 solemus,
514 1600 613 1665 quam
629 1583 751 1647 insueti
769 1584 1000 1659 nominabiles,
1019 1601 1102 1665 quos
1117 1585 1203 1648 dici-

104 1699 178 1744 mus
203 1681 376 1757 miracula,
407 1682 646 1763 gignerentur;
670 1682 718 1744 illi
750 1689 937 1745 constanter
958 1691 990 1744 et
1017 1701 1075 1762 per
1107 1693 1201 1747 notas

104 1783 203 1862 leges,
227 1782 261 1844 bi
293 1782 467 1862 praelinitis
493 1781 693 1862 quibusdam
726 1780 941 1861 temporibus,
968 1791 999 1844 et
1023 1801 1082 1863 per
1111 1783 1202 1862 leges

104 1882 261 1943 occultas.
283 1881 430 1945 Proinde
455 1881 666 1954 miraculum,
682 1881 773 1958 juxta
791 1881 874 1941 banc
893 1879 1087 1956 doctrinam,
1112 1883 1200 1944 nibil

104 1990 153 2042 est
178 1979 268 2043 aliud
299 1996 425 2060 quam:
453 1977 573 2059 effectus
609 1980 747 2040 insuetus
774 1978 813 2039 ab
834 1977 960 2040 occultis
973 1988 1096 2042 nature
1124 1963 1201 2060 nuel

103 2081 159 2141 bus
169 2080 364 2159 procedens.'

144 2176 218 2241 lte.
247 2179 432 2242 Puorostrro
450 2177 502 2240 Vl.
521 2174 652 2251 Clorin't',
669 2174 802 2238 Bonneti
816 2187 843 2238 et
857 2175 1198 2262 Bouttont'ttt'itbeorioe,

45 2340 47 2344 .
104 2276 146 2339 od
160 2276 313 2340 miracuta
338 2274 465 2357 facilius
492 2273 692 2357 inteilipenda
720 2275 906 2355 excopitotoe,
927 2273 1054 2355 probari
1071 2274 1201 2339 minime

104 2385 244 2455 possunt.

6 2477 7 2494 ¹
81 2502 85 2507 ·
145 2475 226 2537 Nam
243 2474 275 2535 l⁰
305 2473 340 2534 in
365 2472 549 2534 arbitrantis
577 2465 816 2551 hypothesibus
840 2479 913 2532 totae
947 2470 1136 2534 innituntur
1162 2479 1199 2536 ut

107 2572 215 2650 primo
231 2582 317 2653 patet
340 2572 473 2645 intuitu,
497 2589 570 2651 quae
586 2588 647 2632 nec
662 2569 855 2650 probantur,
872 2586 932 2631 nec
960 2569 1091 2649 probari
1119 2589 1197 2653 pos-

105 2683 194 2734 sunt.
211 2672 412 2753 Hypotbeses
427 2688 515 2748 vero,
527 2669 649 2751 quibus
661 2668 799 2732 clarckii
809 2667 936 2730 theoria
952 2668 1117 2744 innititur,
1127 2688 1196 2736 non

106 2772 287 2833 arbitrariae
304 2770 416 2846 modo,
433 2769 489 2831 sed
514 2770 603 2831 lalsae
617 2777 706 2832 sunt.
727 2769 806 2842 Quis
821 2769 911 2829 enim
926 2767 1074 2833 Clarckio
1091 2769 1196 2848 dabit,

105 2870 212 2931 nullas
234 2886 303 2930 esse
320 2868 462 2931 materiae
483 2869 580 2941 vires,
608 2865 717 2927 nullas
733 2865 952 2945 operatIones,
970 2867 1077 2930 nullas
1093 2870 1196 2952 leges,

107 2968 284 3047 omniaque
299 2966 437 3030 acausis
453 2963 715 3044 intelligentibus
728 2962 915 3025 immediate
928 2963 1022 3028 lieril

148 3063 180 3126 2⁰
197 3067 407 3128 llant'omnes
422 3062 572 3125 fatalistis
587 3070 618 3124 et
641 3060 822 3123 incredulis
843 3061 875 3122 id
892 3062 981 3142 qnod
997 3065 1138 3128 maxime
1154 3066 1198 3129 iis

108 3166 293 3243 negandum
306 3171 365 3239 est,
382 3162 557 3226 videlicet:
575 3160 602 3222 si
620 3159 707 3239 leges
723 3167 846 3222 naturae
862 3170 948 3235 sunt,
963 3160 1005 3223 iis
1020 3180 1037 3223 a
1054 3164 1119 3227 [leo
1137 3164 1197 3227 de·

108 3263 214 3343 rogari
238 3280 304 3325 non
321 3279 429 3343 posse.
449 3259 575 3323 ldnirco
591 3258 679 3321 enirn
696 3258 863 3322 ctareltus
879 3269 973 3340 negat
991 3280 1060 3324 esse
1072 3270 1198 3327 naturae
1288 3281 1293 3290 ·

6 3391 7 3400 2
108 3363 207 3442 leges,
231 3373 262 3424 et
277 3363 382 3425 caeteri
399 3359 464 3423 duo
477 3359 679 3421 concludunt
695 3357 851 3420 miracula
867 3360 1050 3423 secundum
1073 3371 1201 3425 naturae

110 3461 195 3539 leges
210 3478 292 3522 esse.

149 3560 181 3620 ὅ·
198 3554 476 3620 Hinc'discrimen
492 3572 602 3630 omne,
621 3564 685 3616 tam
701 3555 787 3618 inter
806 3555 1003 3619 miraculum
1019 3567 1050 3620 et
1066 3572 1200 3623 natura·

109 3658 172 3719 lam
189 3657 351 3733 effectum,
369 3674 467 3739 quam
491 3656 576 3717 inter
596 3653 768 3734 utriusque
796 3673 921 3731 causas,
951 3657 1040 3720 hisce
1059 3659 1203 3722 theoriis

112 3742 244 3835 prorsus
255 3756 394 3818 tollitur.
411 3754 564 3818 blitacula
587 3752 677 3814 enim
693 3753 741 3814 vel
765 3751 806 3813 ab
831 3742 1155 3836 iisdem'agentibus,
1181 3777 1203 3821 a

112 3854 231 3933 quibus
246 3866 422 3916 consuetus
435 3866 561 3915 naturae
576 3852 659 3914 ordo
677 3851 809 3930 pendet,
827 3854 876 3914 vel
898 3872 916 3915 a
932 3855 1057 3918 viribus
1079 3862 1207 3919 naturae

140 3989 171 4040 tl)
180 3986 348 4045 Polinpdneaie
357 3984 539 4045 philosophique
550 3984 579 4036 Ρ.
592 3983 629 4031 ll.
641 3998 660 4033 o.
670 3982 726 4038 5,6,

141 4062 172 4116 tt)
182 4060 216 4106 De
232 4059 257 4105 la
267 4058 314 4105 rel.
323 4060 397 4107 ciret.
409 4060 436 4106 l..
446 4059 464 4105 l.
477 4071 498 4103 c.
511 4059 538 4105 V.

221 4149 439 4205 lumiminum,
461 4148 519 4190 ETC.
540 4147 571 4191 ll.
