2792 4600
222 261 286 376 424
718 279 819 324 tuonx.

299 403 464 465 potestesse
478 409 531 447 nna
545 403 572 448 et
586 364 730 463 multiplex
744 387 907 447 secundum
927 391 1064 447 diversam
1088 394 1234 449 rationem.

300 467 482 523 Deditisione
493 467 600 522 eutisin
613 483 698 521 uuum
713 476 740 521 et
754 466 849 566 mulla.
858 465 1094 534 Quomodounam
1108 477 1135 522 et
1149 469 1236 523 multa
1391 525 1392 534 ,

299 551 473 611 opponantur
531 580 1233 596 .........
1275 540 1316 595 tu
1391 561 1392 596 ι

224 613 292 670 nar.
315 615 362 669 ΙΙΙ.
384 619 421 668 De
434 631 547 669 numere.
563 615 676 669 Numeri
691 614 779 669 notio-
782 611 883 683 triplex
903 614 1084 668 elementum·
1086 614 1213 670 divisio
1206 631 1234 669 tn
1391 631 1392 654 t

299 698 459 744 concretum
473 698 500 743 et
512 690 692 743 abstractum.
708 687 851 755 Quomodo
864 702 1043 741 numerorum
1064 687 1140 742 ideas
1154 688 1235 743 effor-

299 778 418 817 memus.
433 763 572 817 Numerus
585 763 614 817 in
635 763 719 816 rebus
744 770 787 816 est
812 760 1065 827 fundamentaliter,
1081 762 1236 817 -unitatem

300 852 378 892 suam
398 838 479 891 nabet
501 846 661 891 amente-a
686 851 769 890 sensu
791 849 844 889 non
869 835 1029 905 percipitur.
1046 834 1105 889 alia
1126 837 1235 891 numeri

300 910 434 965 delinitio.
457 910 575 965 Unitatis
595 909 796 964 mathematicae
816 909 900 962 notio.
923 910 963 962 An
987 908 1077 963 omnis
1101 924 1235 965 numerus

300 985 336 1040 sit
355 983 503 1054 quantitas.
521 983 618 1039 Omnis
640 983 787 1037 multitudo
809 983 925 1037 actualis
943 983 995 1037 sub
1013 982 1105 1053 aliquo
1119 998 1236 1038 numero

299 1059 457 1113 continetur
534 1096 1233 1111 .........
1277 1059 1315 1114 tu

225 1130 293 1186 Αιι.
311 1131 354 1185 tv.
370 1135 512 1196 Quotnplee
524 1137 559 1184 ait
571 1134 657 1183 unitos
669 1133 695 1183 iu
706 1133 791 1183 relius.
806 1128 903 1184 Uultas
916 1130 999 1184 realis
1013 1139 1040 1183 et
1053 1129 1150 1203 logica.
1168 1130 1235 1186 Uni·
1391 1145 1392 1156 ³

299 1214 342 1259 tas
353 1204 436 1259 realis
447 1215 490 1259 est
500 1204 704 1268 mathematica,
714 1204 755 1257 vel
771 1202 1047 1259 transcendens-haec
1057 1203 1237 1260 individualis

300 1281 343 1334 vel
363 1278 497 1333 formalia.
513 1278 594 1332 Puer.
613 1278 631 1331 Ι.
648 1280 726 1331 Omue
740 1294 784 1330 eas
796 1280 861 1343 quod
874 1280 963 1330 eulalii
976 1281 1015 1331 uel
1032 1282 1142 1331 existere
1153 1287 1236 1343 potest

300 1361 338 1407 est
357 1356 495 1417 siupulore
513 1354 591 1406 Paua.
610 1352 641 1404 ll.
657 1356 703 1404 liat
726 1355 841 1404 iurelure
866 1352 980 1404 omullus
1002 1355 1089 1404 unitor
1107 1355 1234 1419 formalis.

300 1427 382 1482 Puer.
397 1426 444 1480 tlt.
461 1430 550 1480 Unites
559 1428 675 1493 formalia
688 1429 720 1478 ult
733 1427 888 1478 individuali
900 1428 1077 1489 dittiupuitur,
1086 1442 1136 1478 nou
1149 1434 1235 1479 temen

299 1504 416 1565 realiter,
430 1504 474 1552 red
486 1503 565 1552 solum
578 1503 688 1553 ratione.
705 1497 882 1553 Coaottamt.
899 1498 1033 1553 Furinalis
1050 1507 1156 1553 naturae
1170 1500 1236 1554 nni·

300 1584 342 1630 tas
356 1573 555 1643 multiplicatur
568 1588 622 1626 una
635 1587 698 1627 cum
713 1571 875 1627 individuis.
891 1571 1034 1626 individua
1047 1572 1172 1641 ejusdem
1185 1589 1235 1628 na-

300 1658 369 1704 turae
379 1663 435 1702 uon
446 1647 548 1702 habeut
559 1662 642 1700 uuam
655 1655 683 1700 ει
696 1646 821 1700 eamdem
835 1645 968 1700 unitatem
982 1645 1124 1701 formalem
1144 1648 1249 1708 omni.

300 1723 581 1777 huscommuncm-at
594 1736 719 1789 persnas
733 1717 992 1774 unitateslormales
1007 1720 1186 1775 similiasunt
1226 1762 1233 1775 .
1276 1721 1310 1775 ut
1391 1719 1392 1776 ἒ

224 1790 292 1849 Aur.
307 1795 339 1851 ll.
355 1799 391 1848 De
401 1798 527 1859 principie
541 1797 759 1848 indiuiduett'onis.
777 1791 849 1860 Quid
867 1792 1071 1848 sit-Aristotelis
1094 1794 1188 1864 opinio
1201 1794 1237 1851 de

300 1871 409 1922 materie
421 1873 532 1934 siponto.
554 1869 637 1922 Pnor.
653 1867 697 1921 tv.
712 1871 743 1920 ld
755 1871 823 1932 quod
843 1875 962 1919 naturum
973 1870 1130 1920 indiuiduam
1142 1873 1237 1922 courti-

300 1947 361 2008 tuit,
379 1958 429 1995 nort
453 1951 491 1995 est
514 1946 611 2007 eliqttid
632 1958 661 1994 re
682 1943 830 1994 distinctum
843 1957 858 1993 a
871 1948 965 1993 nutura
977 1957 1033 2007 oute
1045 1946 1075 2005 tlt
1091 1945 1233 1997 indiuiduo.

195 2071 198 2074 ,
300 2017 383 2071 Ριοι.
392 2016 423 2070 V.
438 2019 536 2070 Natura
547 2020 626 2069 omnis
639 2018 771 2067 indiuiduo
780 2031 828 2079 per
837 2030 908 2066 artem
921 2019 1001 2079 ipsam
1011 2020 1155 2069 realitateut
1168 2019 1236 2070 indi-

210 2101 212 2104 ·
301 2095 376 2145 uduo
395 2097 443 2143 eet.
464 2089 533 2144 Nam
547 2104 629 2143 omne
642 2104 693 2143 eus
707 2104 792 2142 unum
811 2094 854 2143 est
868 2088 958 2157 perid
971 2089 1075 2158 ipsum,
1091 2104 1140 2159 per
1162 2090 1237 2159 quod

301 2174 344 2220 est
358 2179 408 2218 ens
419 2171 479 2217 actu
491 2180 498 2229 ;
510 2171 650 2217 estautem
665 2177 716 2217 ens
729 2172 791 2216 actu
803 2177 852 2232 per
863 2177 941 2216 suam
955 2162 1117 2222 realitatem.
1133 2162 1239 2219 Gonou-

300 2254 386 2292 taun.
395 2237 521 2291 Essentia
535 2252 584 2291 seu
598 2248 694 2291 natura
709 2236 738 2290 iu
752 2235 903 2290 individuis
915 2235 1004 2290 solum
1018 2236 1149 2291 rationea
1160 2236 1238 2293 diffe-

300 2313 389 2368 rentia
402 2311 565 2366 individuali
578 2311 770 2383 distinguitur.
780 2309 938 2365 differentia
952 2309 1240 2367 individualisindivi-

300 2386 355 2442 duo
368 2385 525 2441 essentialis
539 2394 590 2447 εει,
607 2385 709 2454 speciei
724 2384 912 2439 accidentalis.
926 2384 1062 2453 Essentiae
1076 2384 1236 2451 individuae,

300 2460 383 2514 etiam
408 2458 532 2527 ejusdem
559 2459 672 2529 speciei,
687 2458 806 2513 diversae
819 2468 884 2512 suut
897 2473 947 2528 pro
960 2457 1123 2514 differentiae
1136 2459 1238 2515 inditi·

300 2533 391 2588 dualis
404 2532 573 2586 diversitate.
588 2531 731 2599 Quomodo
742 2532 770 2586 in
782 2532 925 2586 intellectu
939 2533 1095 2602 specierum
1109 2547 1141 2588 ae
1151 2548 1236 2605 geue·

300 2622 361 2661 rttm
377 2605 502 2660 notiones
512 2616 665 2678 emergant,
676 2615 705 2661 ει
714 2605 877 2678 archetypas
887 2605 988 2660 divinae
995 2607 1097 2662 mentis
1107 2607 1181 2661 ideas
1192 2622 1233 2663 re·

301 2681 391 2737 lerant
448 2720 1235 2737 ..........
1277 2681 1315 2736 dt

525 2769 644 2817 catur.
659 2769 688 2815 V.
703 2769 741 2816 tte
752 2782 890 2818 vantram
902 2781 1012 2819 uurtnu.

226 2835 294 2892 Αιι.
303 2834 324 2890 Ι.
337 2838 404 2899 Quid
412 2837 446 2887 ιιι
457 2837 665 2887 ueriteaentium.
674 2833 803 2888 Veritatis
816 2848 910 2889 rerum
924 2833 1009 2888 notio.
1026 2832 1132 2888 Veritas
1146 2849 1196 2905 ρει
1207 2850 1238 2891 εε

301 2908 478 2973 clausolae,
492 2916 520 2961 ει
533 2907 634 2962 veritas
648 2923 697 2977 ρει
707 2907 848 2974 accidens,
859 2911 894 2961 'ac
905 2906 1057 2962 secundnm
1068 2908 1145 2977 quid.
1159 2908 1238 2964 Ratio

301 2982 400 3036 harum
425 2980 650 3050 appellationum.
666 2980 773 3036 Veritas
787 2990 913 3051 respectu
929 2980 1053 3035 idearum
1067 2990 1236 3037 nostrarum.
1391 3018 1392 3051 3

302 3055 374 3124 Quid
388 3054 497 3109 differat
509 3070 604 3109 verum
618 3054 653 3109 ab
664 3063 728 3109 ente
796 3094 1236 3111 ......
1277 3058 1316 3114 56
1391 3080 1392 3083 ’

226 3130 295 3187 mr.
306 3130 339 3185 ll.
358 3134 392 3182 De
401 3130 527 3196 falsitate.
542 3127 614 3195 Quid
629 3127 788 3183 sit-falsitas
802 3143 852 3198 par
865 3142 896 3183 se
909 3136 937 3182 et
950 3142 1000 3197 per
1013 3127 1152 3183 accidens.
1177 3131 1238 3185 llaec

302 3292 374 3333 sum.
384 3276 459 3330 Nihil
470 3285 513 3330 est
523 3274 622 3330 falsum
637 3275 908 3345 simpliciter-neque
921 3275 1074 3330 secundum
1087 3291 1240 3345 quamcun-

301 3367 355 3422 que
369 3351 469 3404 ideam.
485 3348 602 3404 Falsitas
615 3349 644 3403 in
658 3351 743 3404 rebus
755 3349 823 3403 nihil
843 3359 885 3404 est
888 3389 1238 3405 .....
1278 3351 1315 3410 58

226 3427 295 3484 dar.
309 3424 355 3480 ΙΙΙ.
370 3429 540 3477 Titeeremutc.
556 3424 629 3476 Pnoe
654 3424 675 3477 Ι.
696 3427 744 3476 Eat
756 3426 784 3475 iu
801 3427 876 3476 redut
889 3426 984 3476 aeritur
1009 3427 1239 3487 independenter

301 3502 383 3553 uestri
395 3502 539 3551 intellectus
549 3500 700 3562 counitione.
714 3496 796 3550 Paou.
811 3495 844 3550 ll.
853 3499 930 3551 Nulla
943 3513 984 3550 rer
994 3504 1034 3550 ert
1047 3499 1114 3564 fulan
1124 3505 1240 3562 respectu

302 3577 445 3627 intellectae
467 3573 558 3624 diuini.
574 3569 729 3638 Oltjeetioni
748 3569 857 3625 satisfit.
874 3570 956 3625 Paor.
980 3570 1026 3625 lll.
1043 3573 1121 3625 Omne
1133 3587 1179 3625 eus
1201 3581 1239 3627 ert

302 3654 474 3702 uerum-tum
497 3644 612 3698 veritate
629 3642 766 3710 absoluta,
791 3654 849 3698 tum
869 3643 993 3698 relativa.
1011 3643 1139 3699 llednitio
1152 3645 1241 3700 veria

304 3720 333 3777 S.
347 3717 500 3791 Augustino
513 3717 664 3787 proposita.
679 3715 823 3784 Quomodo
836 3733 958 3773 uon-ens
968 3733 1064 3773 rerum
1075 3718 1184 3773 dicatur
1231 3762 1238 3776 .
1281 3722 1320 3779 59

580 3805 695 3853 catut
713 3806 756 3855 Vl.
770 3805 960 3855 Dsuoutrartt.
1212 3792 1216 3799 ⁴

226 3877 297 3934 aar.
309 3875 331 3929 l.
347 3874 473 3925 Bouitotir
486 3874 554 3923 notio
564 3878 589 3923 et
599 3872 718 3934 partitio.
735 3869 870 3926 Bonitatis
883 3870 1016 3926 definitio.
1033 3870 1180 3927 distinctio
1197 3871 1242 3927 in-

302 3956 345 4004 ter
354 3940 503 4002 bonitatem
518 3952 546 3999 et
558 3943 711 3999 realitatem
725 3943 976 4015 perfectionemque
989 3944 1072 4001 entis.
1087 3944 1156 4001 Boni
1170 3944 1241 4002 deti·
