2792 4600
198 336 261 402 ato
634 350 824 400 cosnotoon.

199 469 271 533 sitis
293 467 333 531 ad
351 467 472 530 virium
494 467 719 550 aequilibrium
735 467 832 546 (1253.
865 465 956 546 tat),
974 467 1144 548 quomodo
1159 468 1296 549 exigere

198 575 306 648 potest
318 565 523 646 singularum
535 564 774 628 molecnlarnm
787 574 914 640 natura,
924 573 960 627 ut
970 584 1009 627 ex
1023 564 1175 646 pluribus
1187 566 1295 632 mole·

198 665 284 729 culis
300 673 346 728 tot
361 673 393 727 et
404 681 469 727 non
482 663 555 726 aliae
569 663 812 739 consocientur,
829 672 861 725 et
874 680 913 726 eo
925 663 1157 728 consocientur
1171 664 1297 727 ordine

198 764 258 847 qui
271 762 454 845 requiritur
464 761 504 825 ad
519 763 607 832 hanc,
617 758 728 848 potius
740 780 838 843 quam
850 762 949 833 aliam
963 761 1100 843 figuram
1113 762 1294 836 efforman·

200 863 298 927 dam?
316 862 411 928 Ratio
433 861 544 944 itaque
566 879 638 944 qnae
660 862 846 945 assignatur
860 869 908 923 est
922 878 1059 942 prorsus
1074 860 1293 928 insufficiens.

229 962 289 1042 ,Ex
301 961 353 1023 his
365 959 520 1024 omnibus
533 968 620 1046 patet
632 959 722 1040 qnod
731 959 1007 1040 propositomest.
1017 958 1295 1030 concludendum

159 1049 162 1056 ’
200 1060 343 1144 proinde
354 1078 429 1123 cam
441 1059 608 1123 communi
622 1059 794 1134 sententia,
807 1058 976 1140 crystallus
988 1060 1168 1123 secundnm
1180 1078 1297 1131 necea

201 1159 305 1223 sarias
326 1156 529 1220 attractionis
551 1158 637 1239 leges
663 1157 767 1239 gigni,
793 1174 901 1239 neque
926 1157 967 1219 ad
991 1157 1079 1220 huuc
1102 1158 1205 1222 tinem
1223 1159 1294 1222 rim

173 1233 191 1260 ⁸
203 1258 301 1323 aliam
316 1274 546 1338 quamcunque
562 1256 780 1320 necessariam
795 1274 878 1333 esse,
895 1263 951 1319 aut
965 1254 1095 1319 admitti
1112 1275 1221 1339 posse.

657 1437 787 1505 carot
807 1440 847 1503 v.

501 1574 558 1630 *nn
577 1585 725 1629 conectunt
744 1585 988 1632 rncrarnrarmns.

643 1726 810 1773 aarrcntns
833 1730 857 1773 r.

544 1824 754 1888 Enumeratio
767 1844 805 1889 cc
818 1825 941 1889 divisio.

246 1954 317 2018 tae.
341 1953 497 2034 Sequitur
509 1962 545 2017 ut
556 1954 597 2017 de
610 1972 789 2036 corporum
806 1955 1063 2037 proprietatibus
1076 1955 1294 2028 disseramus.

202 2052 241 2116 ln
258 2072 322 2136 qua
334 2052 455 2134 paritor
471 2054 661 2133 quaestione,
676 2062 712 2116 ot
726 2053 762 2116 in
778 2072 815 2117 ea
827 2073 900 2135 quae
913 2055 1090 2136 precessit,
1107 2074 1173 2120 non
1190 2075 1297 2139 pauca

204 2159 282 2215 sunt
296 2159 419 2213 veteres
435 2149 523 2213 inter
537 2168 574 2213 ac
589 2151 789 2216 recentiores
803 2151 951 2217 dissidia.

246 2248 466 2332 proprietates
486 2266 600 2313 omnes
619 2267 798 2332 corporum
814 2250 853 2314 ad
870 2251 1084 2334 quantitatem
1105 2261 1136 2316 ct
1151 2252 1297 2335 qualita-

203 2357 269 2413 tem
281 2357 404 2412 veteres
420 2349 625 2413 revocabant.
643 2351 713 2415 lluo
730 2351 799 2414 haec
814 2350 997 2417 accidentia
1008 2368 1186 2433 corporum
1197 2350 1238 2415 ab
1251 2351 1298 2422 iis

203 2446 465 2529 appellabantur,
491 2465 563 2511 non>
590 2449 717 2512 ratione
740 2448 968 2512 variabilitatis
991 2458 1023 2512 et
1043 2448 1296 2531 contingentiam

205 2563 282 2608 nam
294 2563 354 2608 nec
366 2545 541 2626 quantitas,
556 2564 616 2610 nec
629 2547 803 2628 qualitates
814 2548 926 2611 multae
937 2548 1241 2630 corpornmsuntin
1250 2547 1297 2611 iis

203 2643 392 2719 variabilem
414 2643 469 2705 sed
494 2643 572 2724 quia
589 2653 619 2706 et
635 2646 800 2725 quantitas
822 2654 853 2709 et
871 2646 1012 2727 qualitas
1036 2644 1242 2717 habebantur
1257 2656 1297 2717 ut

204 2740 319 2824 formae
334 2760 390 2804 seu
405 2749 496 2804 actus
513 2741 553 2803 ab
569 2743 710 2815 essentia
725 2741 931 2807 dimanantes
946 2746 994 2823 (0.
1019 2746 1102 2823 tlt).

247 2840 351 2901 tidem
363 2848 485 2902 veteres
498 2839 647 2920 figuram,
661 2859 718 2904 seu
733 2841 871 2904 formam
879 2851 1046 2909 externam
1058 2843 1296 2924 utquantitatis

206 2938 396 3020 qualitatem
409 2938 599 3018 spectabant
614 2937 663 3016 (0.
687 2938 782 3019 aaut:
798 2947 930 3004 caeteras
944 2950 1053 3004 autem
1069 2942 1239 3022 qualitates
1256 2942 1295 3007 in

201 3036 323 3118 primos
337 3053 374 3098 ac
388 3035 536 3098 secundos
552 3034 789 3116 partiebantur.

214 3215 220 3223 .
244 3133 421 3209 Qualitates
443 3133 566 3214 primas
583 3134 681 3197 hasce
704 3142 843 3217 quatuor
863 3154 933 3200 esse
953 3134 1131 3216 docebant;
1147 3139 1293 3219 colorem,

204 3231 317 3315 frique,
338 3232 562 3306 humiditatem,
579 3233 764 3321 siceitatem
785 3253 866 3316 quas
882 3235 1005 3299 idcirco
1023 3236 1146 3318 primas
1162 3256 1293 3307 nuncu·

206 3329 338 3415 pabant,
349 3330 428 3409 quia
439 3347 493 3392 eas
506 3347 616 3394 rerum
629 3331 801 3397 elementis
814 3333 1005 3398 naturaliter
1016 3334 1141 3411 deberi,
1152 3337 1295 3407 nnllam·

207 3444 271 3513 que
285 3426 383 3488 aliam
399 3426 588 3507 qualitatem
603 3446 857 3512 prnsupponere
871 3430 1103 3511 opinabantur.

210 3607 214 3613 1
249 3522 386 3587 Caeteras
401 3540 577 3604 corporum
595 3527 767 3606 qualitates
782 3527 941 3592 secundas
956 3530 1125 3606 vocabant,
1145 3531 1222 3615 quia
1236 3550 1295 3597 aas

207 3640 226 3684 a
242 3621 360 3703 primis
375 3619 543 3684 dimanare
561 3622 747 3698 censebant,
771 3624 820 3686 vel
839 3625 1010 3702 mixtione,
1031 3627 1080 3689 vel
1097 3628 1294 3695 accidentali

205 3715 436 3802 productione.
450 3718 487 3781 ln
500 3718 552 3782 bis
564 3736 640 3783 vero
653 3720 900 3802 distinguebant
911 3723 1293 3804 qualitatesscnsililcsab

205 3819 331 3882 occultis
346 3835 403 3880 seu
417 3817 573 3898 specificis.
591 3819 772 3882 sensibiles
787 3822 1021 3902 nuncupabant
1035 3841 1089 3887 eas
1104 3844 1178 3907 quae
1193 3844 1294 3896 sensu

206 3912 447 3998 percipiuntur,
464 3916 648 3997 cujusmodi
665 3926 741 3982 sunt
756 3919 895 3996 colores,
909 3938 1054 4006 sapores,
1071 3925 1222 4005 gravitas,
1238 3942 1294 3991 ra-

204 4008 285 4099 ritas
300 4031 337 4076 ac
351 4013 506 4091 densitas,
523 4013 661 4098 aliaque
673 4015 876 4098 hujusmodi.
890 4018 1040 4084 Occultas
1051 4039 1128 4086 vero
1141 4021 1294 4086 uomina·
