2792 4600
170 339 232 407 tto
302 373 304 378 v
602 357 810 406 0000000011..

171 471 279 534 memt
294 470 327 534 Si
347 489 423 536 vero
438 471 609 535 activitatis
626 472 761 535 nomine
775 470 968 535 nativitatem
985 489 1116 533 omnam
1132 470 1258 533 intelli·

170 576 262 646 gunt,
280 569 389 632 neseio
404 588 488 650 quos
509 569 712 633 adversarios
733 569 974 650 aggrediantur.
996 568 1089 632 Certe
1104 585 1165 631 nos
1190 584 1258 629 nou

170 666 324 744 dicimus,
341 685 462 749 corpus
476 688 515 730 ex
530 686 564 730 se
579 669 688 732 omnis
704 668 876 731 activitatis
889 686 990 750 capax
1004 686 1085 731 esse.

215 764 286 830 tlt.
310 765 422 847 ltaque
433 766 473 828 ad
487 772 604 830 omnes
616 768 712 830 hasce
723 766 953 846 ambiguitates
968 765 1187 847 dissipandas,
1205 780 1258 826 re-

171 863 342 943 spondeo:
365 866 436 929 dist.
459 865 508 928 2⁸²¹
519 873 638 947 partem
659 864 810 947 majoris:
835 868 1008 929 statuimus
1033 863 1279 927 materiamen

170 976 206 1023 se
221 963 358 1025 activam
372 981 465 1027 esse:
492 981 611 1043 nempe
638 963 807 1025 materiam
823 964 977 1044 primam,
994 972 1048 1025 aut
1063 960 1190 1042 aliquid
1206 957 1257 1021 illi

171 1060 293 1135 simile,
319 1081 396 1143 nepo
413 1063 620 1144 suppositam
647 1071 784 1134 atomos,
811 1064 916 1136 sabd.,·
945 1063 1117 1124 statuimus
1132 1069 1258 1122 atomos

172 1175 243 1222 esse
258 1160 377 1225 activas
389 1180 427 1225 ex
442 1179 488 1236 se,
502 1162 663 1225 0011011010
674 1180 748 1242 qua
759 1179 833 1224 cum
849 1166 1038 1225 extensione
1050 1159 1169 1224 sociari
1183 1176 1257 1240 pos·

172 1256 227 1333 sit,
242 1275 349 1335 cone.,·
363 1258 526 1323 activitate
540 1261 727 1342 omnigena,
744 1278 833 1341 nepo.

213 1355 405 1439 Eodemque
420 1368 526 1440 paeto,
541 1360 703 1423 (11010110.
718 1366 746 1421 et
756 1369 817 1424 rot.
830 1361 902 1423 edd.

214 1453 286 1520 111.
308 1448 480 1539 detorqueo
498 1457 619 1521 deinde
647 1458 766 1520 iterum
788 1467 1015 1540 argumentum.
1046 1455 1173 1519 Etenim
1201 1454 1260 1516 ad·

171 1553 305 1615 versarii
315 1572 381 1626 000
390 1556 525 1636 quidem
537 1557 681 1619 materiae
690 1560 803 1636 primae
814 1556 1064 1631 elementorum,
1078 1555 1257 1619 sedeorum

140 1642 143 1648 ’
173 1653 289 1717 lormis
304 1656 527 1718 extensionem
553 1654 723 1718 formalem
738 1655 886 1731 demunt,
899 1673 1037 1737 eamque
1051 1654 1093 1716 iis
1109 1652 1259 1716 tribuunt

172 1752 343 1827 unitatem,
357 1764 393 1815 ut
404 1771 478 1815 vere
491 1753 581 1815 nulla
593 1754 736 1835 amplius
748 1755 790 1817 sit
802 1756 884 1817 ratio
897 1772 956 1818 cur
966 1771 1081 1816 sensns
1094 1751 1258 1833 principia

172 1870 243 1915 esse
262 1861 443 1932 nequeant:
461 1870 567 1933 eoque
582 1852 684 1932 magis
700 1853 789 1933 quod
807 1854 840 1915 in
858 1853 1004 1933 ipsorum
1020 1852 1169 1915 doctrina
1183 1868 1258 1914 sen·

169 1969 228 2015 sus
243 1951 443 2032 principium
460 1950 565 2014 forma
580 1952 758 2015 materialis
780 1960 840 2016 est.

214 2050 286 2116 116.
310 2050 359 2113 Ad
384 2051 425 2113 dm
447 2068 533 2129 resp.
557 2058 661 2115 totum
686 2060 915 2131 argumentum
937 2051 999 2114 niti
1022 2053 1056 2113 in
1079 2050 1260 2131 aequivoca·

172 2151 263 2215 tione
278 2150 377 2228 hujus
392 2147 481 2211 vocis
495 2165 504 2212 :
520 2166 642 2228 corpas
666 2149 772 2223 Quum
788 2150 878 2211 euim
894 2150 996 2228 quaeri
1013 2149 1170 2211 dicuntur
1180 2165 1260 2210 cor·

171 2267 289 2334 porum
306 2247 525 2324 constitutiva,
541 2264 719 2329 corporum
735 2248 871 2311 nomine
884 2247 1111 2327 intelligimus,
1129 2245 1260 2327 aliquid

171 2367 238 2414 non
251 2347 350 2412 modo
366 2355 546 2420 extensum,
563 2346 619 2408 sed
632 2346 730 2410 etiam
742 2349 960 2427 compositum
976 2364 1015 2411 ex
1027 2346 1140 2409 multis
1154 2344 1259 2427 parti·

128 2519 132 2526 ,
171 2449 234 2513 bus
258 2448 298 2510 ad
325 2463 457 2509 sensum
473 2444 637 2507 distinctis
652 2453 684 2507 et
698 2445 951 2526 separabilibus,
971 2449 1116 2527 itemque
1130 2443 1260 2526 aliquid

171 2567 239 2613 non
251 2545 355 2610 modo
366 2545 396 2607 01
411 2543 584 2607 resistendi
599 2543 787 2623 praeditum,
800 2545 856 2608 sed
868 2543 994 2607 eatenis
1006 2544 1104 2607 etiam
1120 2544 1256 2625 qualita-

172 2647 261 2712 tibus
274 2643 500 2710 sensibilibus.
518 2642 625 2716 Quum
640 2660 717 2706 tero
732 2643 888 2706 dicuntur
903 2643 1004 2706 atomi
1020 2661 1090 2705 esse
1106 2660 1258 2724 corpora,

169 2762 348 2827 corporum
365 2744 500 2805 nomine
521 2742 739 2822 intelligimus
761 2741 975 2805 substantiam
991 2742 1259 2823 incompositam,

169 2846 360 2909 extensione
374 2861 411 2904 ac
436 2843 464 2903 vi
482 2840 655 2904 resistendi
682 2840 865 2921 preditam.
883 2840 990 2913 Quum
1012 2840 1112 2921 igitur
1138 2858 1260 2921 corpus

169 2944 279 3026 primo
294 2959 391 3004 sensu
404 2938 575 3019 accipitur,
588 2940 687 3002 atomi
703 2955 768 3001 non
781 2947 859 3001 sunt
868 2955 1026 3020 corpora3
1043 2957 1146 3020 quum
1158 2956 1259 3001 sensu

77 3025 79 3029 ¹
170 3039 332 3121 accipitur
347 3038 462 3114 altero,
480 3038 513 3099 id
527 3036 614 3119 quod
632 3056 671 3100 ex
685 3038 804 3100 atomis
819 3036 1030 3120 componitur
1042 3057 1108 3102 000
1124 3047 1172 3101 001
1183 3056 1260 3102 nor-

172 3159 247 3222 pus,
259 3139 317 3202 scd
333 3137 553 3217 compositum
568 3155 607 3198 ex
622 3136 830 3217 corporibus.

213 3238 284 3302 tlt.
308 3236 371 3299 Sed
388 3234 518 3298 omissis
533 3234 680 3307 vocibus,
697 3234 868 3299 veniamus
889 3235 930 3297 ad
947 3253 1028 3299 rem.
1045 3235 1258 3317 assignamus
1318 3300 1320 3305 .

170 3349 207 3402 ut
232 3353 408 3415 corporum
430 3333 638 3397 constitutiva
661 3351 801 3415 corpora
825 3334 974 3416 quadam
987 3335 1142 3400 minora:
1170 3337 1258 3411 dist,

129 3430 142 3442 “
171 3455 291 3518 nempe
316 3432 476 3515 ejusmodi
505 3449 655 3513 corpora,
683 3451 756 3512 quta
783 3431 923 3496 babeant
949 3450 1002 3495 eas
1028 3436 1258 3517 proprietates,

170 3538 295 3602 ratione
321 3549 460 3614 quarum
488 3541 680 3612 qnaeruntur
706 3548 884 3613 corporum
911 3532 1131 3608 constitutiva,
1160 3552 1258 3616 nepo,·

169 3652 310 3718 corpora
321 3650 394 3714 quae
408 3631 465 3693 has
479 3631 694 3712 proprietates
707 3647 773 3692 non
787 3630 994 3711 participant,
1007 3651 1094 3696 conc.
1108 3633 1262 3713 Proprie·

170 3745 253 3802 tates
268 3732 420 3798 videlieet
432 3749 505 3813 qna
520 3748 580 3794 nos
597 3738 728 3795 movent
742 3730 783 3794 ad
798 3732 974 3811 querenda
986 3749 1163 3812 corporum
1178 3751 1258 3796 oon—

170 3833 328 3908 stitutiva,
351 3846 417 3892 000
433 3840 509 3891 0001
530 3837 617 3892 certe
639 3830 786 3892 extensio
808 3829 965 3892 continua
987 3830 1160 3910 conjuncta
1182 3848 1260 3893 eum

171 3918 344 3997 resistendi
368 3929 412 4002 ri,
435 3926 555 4009 quibus
577 3927 834 4008 proprietatibus
856 3928 956 3991 atomi
980 3928 1147 3992 instructa
1168 3940 1258 4004 sunt,

171 4032 241 4109 sed,
258 4038 295 4093 ut
314 4044 333 4088 a
354 4026 520 4108 principio
541 4027 733 4091 monuimus
754 4027 808 4107 (ὅ),
834 4028 865 4089 κ’
886 4042 1064 4108 corporum
1086 4028 1281 4092 manifesta
