2792 4600
1204 215 1224 258 ὓ

547 415 549 418 ’
618 369 728 480 annun*
1153 415 1212 480 tlt

198 563 261 604 rum
275 546 387 603 traditio
400 547 554 604 coufirmat.
565 548 607 603 Ex
619 564 673 619 quo
687 547 763 604 fonte
774 547 953 604 determinari
963 559 1046 620 queat
1058 550 1139 609 dura-

196 622 237 678 tio
250 621 416 678 successivae
428 622 524 677 mundi
538 622 701 678 molitionis.
717 621 830 678 Mosaici
844 622 920 690 dies;
941 638 1023 679 mane
1036 633 1064 680 et
1077 639 1139 680 ves·

198 711 273 767 pera.
299 695 433 751 Mosaicos
455 696 515 752 dies
535 712 584 751 sex
606 696 752 751 diuturnas
767 696 896 766 periodos
909 696 997 753 fuisse
1011 698 1138 767 pluribus

198 769 352 825 rationibus
366 770 531 825 ostenditur.
548 770 677 824 lliracula
688 770 797 825 inutilia
812 786 866 826 nou
881 782 945 826 sunt
955 772 1137 828 admittenda.

199 843 333 899 Mirabilis
348 844 475 908 urasaicae
489 843 613 899 historiae
623 859 686 898 cunr
701 843 815 899 scientia
829 845 976 899 eoncordia
1043 888 1049 901 .
1130 887 1137 901 .
1160 846 1214 902 aba

123 917 191 972 lini.
210 917 257 971 lll.
270 922 357 971 Breuis
368 922 533 983 cosmopoeia
543 921 713 973 adumbratio.
728 918 768 972 Ex
779 918 925 974 collatione
939 919 1063 975 scientiae
1076 935 1141 994 geo-

199 991 295 1063 logicae
305 1007 368 1045 cnm
380 1007 457 1046 saera
470 991 583 1046 historia
592 991 733 1063 colligitur
743 992 831 1047 series
841 1001 988 1057 eventuum
1003 993 1140 1049 inmundi

199 1063 370 1135 primordiis.
383 1064 492 1121 Cicutio
502 1081 534 1119 ac
547 1064 692 1135 dispositio
706 1065 1064 1133 elementorum-tenebrae,
1076 1068 1139 1122 lux-

199 1138 564 1211 atmaspbaera-vegetalium
580 1138 807 1208 primitiae-mane
820 1150 847 1195 et
863 1141 1049 1210 uespera-sol,
1064 1142 1140 1209 luna,

200 1212 298 1278 stellae,
311 1212 435 1282 reptiles,
449 1212 550 1282 pisces,
562 1212 836 1285 volatiliaanimalia
847 1214 1036 1281 terrestriam
1046 1214 1137 1270 bomo.

202 1286 284 1342 Sacra
299 1286 413 1341 historia
428 1296 456 1342 et
468 1286 607 1359 geolugica
623 1301 653 1341 se
667 1296 761 1340 mutua
776 1287 963 1359 illustrant.
1042 1329 1049 1343 .
1130 1290 1210 1346 .55l

525 1392 631 1447 LIBER
650 1392 813 1448 TERTIUS.

506 1480 619 1528 CAPUT
633 1482 657 1527 l.
675 1480 715 1529 Du
732 1493 835 1529 suarm.

123 1561 192 1617 Aur.
209 1562 229 1616 1.
244 1564 396 1626 Quartiouio
409 1564 542 1626 aaporitio.
558 1559 702 1627 Quariaodo
728 1575 779 1615 uos
803 1561 992 1631 concipiamus
1007 1563 1139 1632 spatium,

199 1636 302 1701 locum,
317 1634 487 1701 distantiam,
502 1650 628 1689 vacuum.
645 1634 734 1689 Variae
748 1634 976 1704 pbilosophorum
996 1636 1141 1706 opiniones

200 1708 274 1764 circa
288 1709 386 1763 hotrum
400 1719 583 1780 conceptuum
597 1708 751 1764 realitatem
783 1748 1137 1765 .....
1160 1709 1213 1765 556

125 1802 194 1855 Aur.
210 1800 244 1854 ll.
257 1803 323 1865 Quia
333 1803 368 1853 sit
380 1803 500 1865 epatium.
516 1800 598 1853 Puer.
612 1798 632 1853 l.
651 1802 765 1863 Spatium
780 1803 931 1865 absolutum,
942 1802 1030 1863 prouti
1040 1815 1056 1851 u
1068 1800 1142 1853 uobis

200 1878 355 1939 concipitur,
371 1891 420 1927 aaa
433 1881 472 1927 ecl
485 1877 663 1939 aliquidautra
674 1882 783 1925 meatem
796 1876 918 1925 cubicae.
932 1872 1000 1926 Nam
1012 1875 1063 1927 boc
1076 1888 1141 1943 spa-

200 1948 270 2004 tium
287 1954 313 2001 1⁰
327 1963 379 2002 uec
392 1955 467 2002 esset
481 1946 634 2002 substantia
650 1961 701 2000 nec
716 1944 845 1999 accidens
856 1975 868 1985 -
881 1946 910 1998 2⁰
923 1955 999 2000 esset
1015 1945 1140 2003 extensio

201 2032 264 2078 aetn
278 2021 385 2075 infinita
399 2051 413 2061 ·
427 2021 455 2074 5⁰
468 2031 543 2075 esset
556 2020 719 2074 increatum.
737 2018 817 2074 Puur.
831 2018 1140 2083 {importunitatum

102 2145 106 2153 ,
181 2116 184 2122 ·
202 2113 252 2151 aou
266 2103 304 2149 eut
317 2099 403 2148 diuina
416 2098 582 2148 immensitas.
600 2094 664 2148 liure
682 2091 776 2162 opinio
800 2101 902 2163 pugnat
922 2108 984 2147 cum
1005 2093 1141 2163 simplici·

203 2179 315 2225 tate-et
325 2167 510 2224 immensitate
521 2167 632 2222 divina·
641 2177 669 2221 et
678 2167 750 2220 viaur
764 2164 798 2220 ad
813 2166 1017 2236 pantheismum
1032 2167 1140 2222 sternit.

203 2244 286 2300 Pron.
303 2243 348 2298 ΙΙΙ.
364 2247 410 2296 Est
421 2245 522 2309 aliquod
533 2246 642 2307 spatium
655 2244 721 2308 quod
733 2244 823 2294 merito
834 2244 904 2294 reala
916 2244 1019 2293 dieitur.
1035 2241 1141 2312 Nempe

204 2319 329 2374 extensio
342 2333 424 2387 quant
438 2315 521 2371 efficit
535 2315 737 2371 mundanarum
754 2330 901 2384 carporum
924 2315 1081 2370 continuata
1095 2331 1150 2371 εε-7

203 2393 272 2447 ries
289 2391 370 2446 Pnar.
387 2390 429 2445 tv.
444 2395 559 2456 Spatium
569 2389 711 2444 absolutam
724 2390 872 2453 ruibll'uliual
882 2393 999 2453 objectove
1010 2397 1057 2456 eol,
1067 2405 1139 2456 paura

204 2469 319 2520 catenato
335 2464 541 2531 possibilisque
554 2481 586 2517 aa
597 2479 728 2528 corporum
737 2467 931 2516 auauiateutluua
941 2467 1008 2516 aeria
1020 2467 1075 2517 siae
1088 2469 1140 2529 ttae

203 2544 352 2593 couttuautu
364 2542 485 2592 conutitui
498 2546 590 2603 pateat.
612 2536 758 2592 bistiuctio
776 2536 850 2591 iuter
869 2536 951 2607 spatii
976 2545 1140 2607 conceptum

203 2623 232 2669 et
251 2615 423 2683 phantasma.
440 2612 575 2666 Probatur
597 2610 749 2681 propositio
772 2620 932 2681 argumenta
947 2611 1115 2667 exclusionis
1128 2620 1143 2654 —'

204 2696 232 2743 et
245 2704 279 2742 ex
292 2686 435 2756 possibilis
448 2686 618 2741 extensionis
642 2683 866 2754 proprietatibus.
884 2683 1008 2753 Spatium
1031 2685 1142 2741 absolu·

203 2768 263 2815 tum
274 2761 337 2830 jure
350 2770 462 2814 vocatur
485 2758 573 2813 ideale
586 2768 614 2813 et
626 2757 820 2828 imaginarium
834 2786 847 2796 ·
862 2756 1035 2813 immensitas
1049 2759 1142 2814 diviua

204 2835 259 2891 diei
273 2843 364 2904 potest
377 2832 458 2902 spatii
472 2832 614 2901 possibilis
625 2830 842 2886 tundamentumv
860 2830 964 2886 Satistit
974 2832 1141 2900 quibusdam

204 2907 422 2981 difficultatibus.
439 2906 564 2975 Spatium
577 2906 735 2960 absolutum
758 2920 813 2959 nou
831 2915 872 2959 est
887 2904 973 2959 fornia
988 2906 1138 2975 subjeciva.

204 2982 296 3038 lluutii
309 2990 470 3053 argumenta
485 2979 648 3034 refelluntur
698 3021 704 3032 .
785 3018 791 3029 .
870 3021 878 3044 ‚
957 2987 987 3033 .“
1043 3020 1050 3035 .
1130 2980 1213 3035 ,558

131 3070 199 3128 Aur.
215 3071 261 3126 ΙΙΙ.
273 3075 309 3123 lle
323 3074 385 3122 loco.
401 3068 465 3123 Loci
479 3067 614 3131 delinitio,
627 3074 654 3122 et
666 3066 780 3133 limites.
790 3066 879 3121 Locus
892 3066 975 3120 realis
989 3077 1016 3121 et
1030 3067 1138 3123 idealiS.
1227 3109 1230 3113 «

206 3144 278 3213 Quid
293 3145 329 3199 sit
342 3143 472 3198 distantia
492 3151 519 3197 et
537 3142 565 3194 in
585 3156 639 3211 qua
653 3139 790 3195 differata
804 3140 873 3195 loco.
889 3140 1064 3195 Aristotelica
1087 3142 1141 3197 luci

133 3280 134 3283 Ἴ
204 3217 328 3276 delinitio
341 3216 517 3286 explicatur·
527 3226 555 3270 et
567 3230 630 3270 auur
645 3224 739 3269 nostra
753 3213 926 3268 conciliatur.
942 3212 1014 3280 Quid
1029 3214 1065 3269 sit
1077 3216 1140 3272 ubi-

205 3293 288 3349 catio
305 3288 464 3346 Substantia
479 3288 556 3343 finita
574 3288 710 3342 coritiueri
728 3297 819 3357 potest
841 3286 869 3340 in
896 3286 956 3342 loco
980 3292 1142 3343 circumscri-

201 3371 270 3433 ptior
280 3365 324 3419 vel
337 3367 474 3428 definitive.
484 3363 566 3417 Paua.
575 3362 595 3417 Ι.
606 3365 805 3415 Constitutiorei
818 3364 845 3413 ta
858 3364 910 3413 locu
924 3377 972 3413 aaa
985 3369 1023 3414 eat
1035 3368 1141 3417 modulis

203 3444 289 3506 aliqua
302 3442 420 3504 oculitus,
434 3441 479 3490 eod
491 3453 560 3489 uteru
579 3440 670 3489 relatio
684 3437 838 3488 catulastra.
857 3434 1016 3504 liujusmudi
1030 3436 1141 3492 realitus

204 3514 321 3584 intelligi
332 3513 439 3580 nequit,
447 3522 474 3565 et
484 3520 527 3565 est
540 3509 885 3564 inutilis.Fuudumentum
896 3508 1048 3575 relationis
1056 3524 1139 3578 qurum

203 3585 364 3643 constitutio
387 3584 427 3638 rei
448 3584 476 3638 iu
499 3584 558 3638 luco
579 3584 720 3653 importat,
736 3592 779 3638 est
792 3582 820 3636 in
838 3582 1000 3651 corporibus
1019 3583 1140 3637 circum-

203 3659 351 3717 stantibus
367 3658 449 3713 l‘uur.
464 3656 488 3711 ll
513 3660 603 3711 Omnia
616 3674 720 3722 corporo
734 3660 890 3709 naturaliter
903 3659 1018 3708 reiciunt
1040 3660 1066 3709 iu
1086 3661 1138 3710 loco

201 3736 430 3798 circumscriptior,
451 3733 559 3796 spiritua
585 3740 673 3786 autura
695 3734 834 3795 lebnitica.
849 3729 955 3798 Corpus
978 3731 1141 3786 naturaliter

202 3810 263 3864 locu
287 3817 471 3861 mensuratur.
496 3806 617 3875 Spiritus
640 3820 821 3875 nequaquam.
845 3802 928 3857 Pacu.
947 3802 992 3856 ut.
1012 3809 1140 3859 Muaaoau

200 3898 305 3947 corpora
325 3887 353 3935 in
366 3890 434 3934 certo
448 3885 531 3946 aliquo
544 3885 597 3933 loco
610 3895 664 3932 εεεε
677 3881 813 3942 irroipiuat,
825 3879 852 3928 iu
865 3893 941 3942 eoque
954 3892 1007 3928 esso
1017 3888 1137 3944 perpuri,

200 3960 262 4024 puio
277 3961 342 4009 torae
355 3958 634 4021 naturamnaturaim,
645 3954 854 4017 udoeauilibra'um
867 3953 1018 4014 nauseabat,-
1031 3956 1138 4016 spirituo

127 4046 130 4049 “
201 4047 270 4095 uero,
285 4035 344 4095 puio
357 4032 501 4092 corporibus
514 4032 542 4079 ia
554 4032 607 4079 loco
621 4029 788 4078 existentibus
803 4029 869 4087 auat
883 4027 966 4087 aliquio
984 4030 1053 4077 mutto
1073 4042 1140 4090 prm-

201 4113 293 4171 auutae.
309 4102 444 4155 bluudaua
457 4100 531 4155 euim
546 4115 660 4169 corpora
674 4112 825 4168 eorumque
846 4105 939 4166 partus
952 4097 994 4150 vcl
1008 4101 1138 4168 modiane,
