2792 4600
126 337 135 352 ⁰
166 335 192 352 ..
209 329 312 432 ‘toa'
342 329 351 346 ⁶
673 375 844 421 ourouoau.

259 501 418 563 Caeterum
450 493 532 557 nulli
550 492 703 565 dubium,
721 489 883 572 potentias
900 489 1119 551 materialium
1140 492 1304 570 agentium
1379 514 1380 521 ¹

218 615 363 660 crescere
380 593 548 657 additione
578 589 716 669 subJeoti
744 588 782 649 ad
801 587 983 665 subiectum
998 587 1081 665 (196,
1094 588 1136 667 50)
1148 607 1156 664 ;
1170 597 1206 652 ut
1221 600 1306 671 patet
1379 576 1380 657 ζ

209 717 247 761 ,ν.
262 714 310 776 gr.
329 695 362 756 iu
379 691 642 764 astructionibus,
671 704 744 769 quae
759 695 835 748 suut
850 686 884 747 iu
902 702 1012 748 massae
1027 687 1155 750 ratione
1169 688 1303 753 directa.
1379 772 1380 775 Ἴ

206 858 208 863 ,
261 794 492 856 aoinssmuo
508 789 552 851 lll
577 788 746 864 Qualitates
757 805 822 866 que
835 785 1023 864 expluribus
1037 787 1195 862 resultant
1211 790 1308 861 iacra·
1379 782 1380 859 J

219 903 321 954 meum
335 893 490 953 admittere
501 907 584 966 posse
598 887 645 947 ud
666 886 862 955 decrementa,
880 881 915 961 fu
915 883 971 943 cile
986 884 1171 965 iutelliqitur
1183 905 1238 966 per
1253 887 1307 951 iac
1379 908 1380 965 i

210 995 330 1073 ipsum,
347 988 426 1070 quod
437 1006 475 1048 eu
490 985 629 1066 plurilus
645 982 798 1044 resultant
812 999 866 1042 uec
880 983 915 1042 in
930 979 1114 1044 indivisibili
1124 986 1305 1048 consistunt.

221 1089 397 1179 Qualitates
415 1088 491 1147 item
508 1072 681 1145 sensibiles
697 1079 824 1142 intendi
842 1080 1008 1142 aeremitti
1024 1082 1225 1162 experientia
1239 1101 1308 1145 cer·
1379 1084 1380 1155 ξ

208 1189 382 1251 tissimum
399 1194 456 1246 est
475 1180 646 1254 Quomodo
664 1187 773 1241 autem
790 1177 931 1242 intensio
948 1179 1016 1241 haec
1032 1194 1063 1241 et
1079 1181 1229 1243 remissio
1252 1201 1306 1243 ex·

221 1285 373 1369 plicando
388 1283 441 1356 sit,
456 1281 591 1342 consule
606 1278 771 1359 physicos.

261 1385 333 1448 202.
359 1384 404 1446 Ex
428 1380 479 1441 his
511 1377 670 1457 colliges
686 1377 819 1457 qradum
849 1395 918 1439 esse
940 1377 1116 1457 quamdam
1132 1397 1310 1460 propemo·
1379 1394 1380 1451 l

223 1484 302 1545 dum
330 1478 497 1561 qualitatis
527 1476 760 1558 quantitatem;
778 1493 815 1537 ac
838 1476 977 1556 proinde
1006 1476 1159 1540 aestimari
1188 1482 1309 1560 gradus
1346 1492 1350 1496 ·

221 1580 333 1660 aliquo
356 1576 458 1656 gradu
489 1577 554 1654 jam
582 1580 678 1646 noto,
716 1583 870 1652 tanquam
903 1573 1027 1635 unitate
1053 1592 1226 1652 mensurae,
1261 1598 1311 1641 as·

221 1683 365 1756 sumpto
1379 1674 1380 1743 t

263 1774 365 1852 liujus
382 1781 489 1833 autem
505 1787 673 1832 mensurae
683 1769 913 1832 determinatim
929 1769 1067 1834 arbitrio
1081 1738 1313 1871 utplurimum
1379 1756 1380 1795 ³

221 1870 406 1952 subjicitur
423 1868 535 1948 Neque
567 1883 740 1947 possumus
764 1867 797 1928 in
821 1873 854 1928 s'e
879 1867 1051 1946 qualitates
1076 1869 1236 1947 dimetiri,
1253 1874 1313 1937 sed
1379 1896 1380 1939 3

221 1970 351 2034 solum
343 1988 377 2030 m
396 1968 565 2029 effectibus
583 1982 591 2029 :
608 1975 707 2045 atque
720 1964 800 2027 hiuc
815 1973 873 2042 est,
891 1966 980 2046 quod
997 1968 1191 2047 qualitatum
1207 1972 1313 2033 sensi·
1379 1962 1380 1965 '

222 2068 342 2131 bilium
366 2065 485 2146 gradus
513 2063 643 2126 facilius
669 2062 943 2139 determinantur,
961 2064 1038 2146 quia
1053 2075 1160 2129 certos
1179 2069 1314 2132 effectus
1379 2086 1380 2107 t

222 2185 259 2230 ac
271 2167 470 2228 necessarios
485 2162 618 2225 habent.

663 2311 794 2376 CAPUT
817 2309 895 2376 111ss

628 2458 671 2499 M
694 2458 910 2502 nullatenu.

663 2613 827 2663 narramus
850 2583 872 2663 r.
928 2674 930 2677 y

620 2728 703 2805 Quid
723 2713 763 2795 ait
784 2733 903 2796 relatio.

263 2868 335 2931 205.
354 2865 479 2930 Relatio
494 2871 543 2927 est
558 2864 702 2925 ialitudo
715 2882 771 2926 seu
787 2873 934 2945 respectus
949 2866 1043 2929 unius
1057 2867 1133 2930 eutis
1149 2869 1191 2930 ad
1209 2868 1315 2931 uliud.
1379 2893 1380 2896 ¹

222 2969 271 3034 Ad
284 2967 374 3029 relat
352 2974 476 3029 tionem
491 2962 754 3028 constituendam
768 2964 832 3025 tria
847 2964 1087 3043 requiruntur:
1379 2953 1380 2964 ²

265 3063 451 3145 Subiectum,
468 3060 557 3141 quod
574 3066 605 3121 et
619 3060 751 3122 relatum
767 3060 901 3125 dicitur
919 3060 974 3123 Est
985 3079 1043 3126 eoa
1056 3064 1145 3144 quod
1162 3064 1201 3128 ad
1218 3065 1380 3128 aliud

223 3163 452 3227 habitudinem
468 3159 560 3223 dicit.

266 3261 435 3336 Terminus,
455 3277 512 3321 seu
525 3259 722 3334 coarctatum
737 3258 888 3321 videlicet
910 3277 967 3370 ens
983 3246 1022 3322 ad
1039 3262 1128 3342 quod
1144 3262 1234 3325 aliud
1253 3264 1320 3325 lra-
1379 3281 1380 3300 ³

222 3361 407 3425 bitudinem
424 3358 519 3423 dicit

261 3459 534 3522 Fundamentum:
549 3455 644 3519 estid
672 3456 853 3519 seeundum
867 3457 954 3538 quod
972 3476 1075 3522 unum
1087 3460 1127 3522 ad
1144 3461 1237 3526 aliud
1254 3463 1325 3524 ha·

222 3557 406 3622 bitudinem
421 3555 514 3618 dicit.
1379 3613 1380 3620 ,

184 3698 186 3702 -
262 3656 300 3718 V.
318 3672 366 3735 gr.
381 3653 487 3727 Quum
518 3653 638 3714 lineam
653 3653 680 3715 A
704 3653 778 3717 dico
794 3653 953 3735 aequalem
966 3655 1061 3719 lineae
1075 3658 1110 3730 B,
1126 3656 1325 3737 subjectum

221 3755 319 3834 huius
345 3751 515 3815 relationis
546 3760 593 3813 eat
624 3752 763 3829 lineaA,
780 3754 1097 3833 terminusliueaB‚
1116 3755 1327 3821 fundamen·
1379 3739 1380 3782 3

221 3863 290 3917 tum
303 3848 475 3927 longitudo
495 3848 591 3911 liueae
605 3848 644 3912 A.

260 3949 333 4013 etl.
351 3947 574 4012 Paoeosrnol.
592 3948 712 4011 Relatio
739 3968 760 4011 a
781 3968 835 4012 suo
849 3948 1125 4030 fundameuiouou
1146 3971 1179 4015 ra
1192 3954 1245 4016 sed
1257 3972 1330 4017 ra

218 4048 469 4114 tioueduutaaat
484 4047 698 4129 distinquitur.
1379 4061 1380 4064 ’
