2792 4600
174 314 242 379 etl
622 331 813 380 cosnosocn.

177 447 301 528 gentio,
314 446 345 509 vi
358 444 452 527 cujas
465 445 588 509 extensi
602 456 709 528 partes
720 446 865 511 divorsas
876 446 973 529 spatii
987 456 1095 529 partes
1105 465 1270 530 occupare

179 543 342 608 debeant:
357 545 442 607 benc
454 561 530 609 vero
542 544 577 606 in
589 544 708 608 actuali
721 545 782 608 bac
793 544 996 609 diversorum
1010 546 1159 610 locorum
1170 563 1269 610 occu·
1383 631 1384 634 Ἴ

179 642 324 724 pacione.
338 642 432 704 lllam
444 652 579 706 oensem
588 661 658 706 esso
667 645 835 726 propriam
843 657 1021 725 corporum
1028 644 1267 721 extensionem,

108 733 113 740 ’
177 748 212 805 et
226 739 268 803 ab
284 739 326 803 iis
338 739 602 822 inseparabilem,
614 741 697 804 banc
708 740 829 819 autem,
845 757 919 823 qum
932 743 1047 823 pomae
1062 739 1195 826 effeetus
1206 752 1268 818 est,

178 839 224 903 ita
237 856 309 902 esse
325 838 360 901 in
376 838 581 921 corporibus,
601 850 637 901 ut
652 856 688 901 ea
706 839 833 919 possint
847 839 1006 903 divinitus
1021 840 1155 922 privari.

222 939 294 1004 leb.
318 938 422 1002 Porro
442 946 480 1002 ut
500 937 716 1022 decernamus
731 939 808 1019 quid
824 956 900 1003 sero
916 939 1061 1004 similius
1075 939 1269 1003 habendum

176 1038 233 1116 sit,
250 1037 430 1102 notandum
446 1044 506 1100 est.
1118 1032 1121 1036 ’

220 1138 252 1202 1⁰
273 1135 481 1199 Extorsionis
503 1133 673 1198 notionem
688 1134 889 1217 primitivam
905 1153 987 1213 esse,
1004 1144 1040 1200 ut
1055 1154 1129 1219 qua
1143 1145 1176 1201 et
1189 1154 1269 1201 sen·

177 1234 344 1299 sationum
356 1234 507 1298 omnium
518 1232 606 1298 basis
617 1242 666 1297 est
676 1243 775 1316 atque
788 1235 999 1313 elementum,
1011 1243 1044 1299 et
1055 1236 1268 1301 sensibilium

158 1355 161 1364 ⁴
174 1334 329 1399 omnium
345 1332 672 1413 representationum
681 1333 833 1399 conditio
848 1335 895 1414 (L.
908 1332 982 1410 tol,
995 1333 1081 1414 llil).
1094 1334 1178 1399 ilino
1190 1353 1269 1417 pro·

176 1436 251 1515 prie
272 1429 405 1495 deliniri
421 1450 487 1496 non
504 1451 611 1514 posse,
628 1442 684 1498 aut
700 1434 821 1499 clarius
833 1434 993 1517 'explicari
1009 1451 1109 1517 quam
1122 1434 1165 1498 ab
1180 1453 1268 1499 uno·
1383 1513 1384 1516 Ἴ

174 1548 310 1613 quoquo
326 1530 543 1613 percipiatur.
1120 1572 1122 1576 «

218 1629 252 1693 2⁰
266 1628 381 1704 Quum
397 1630 432 1693 in
449 1630 600 1694 intimam
614 1632 817 1696 extensionis
830 1631 1011 1695 realitatem
1026 1631 1162 1714 ejusque
1176 1632 1268 1696 radi*

175 1737 248 1792 cetu
264 1728 478 1811 immisimus,
494 1731 681 1795 necessario
697 1749 757 1795 nos
771 1731 922 1796 tenebras
937 1731 1102 1796 offendere
1117 1730 1237 1796 debere
1255 1748 1264 1795 :

174 1829 346 1893 nonenim
359 1828 480 1893 intueri
494 1845 668 1910 possumus
679 1831 787 1912 ipsam
798 1848 976 1914 corporum
988 1831 1175 1908 essentiam,
1188 1848 1265 1895 cum

175 1944 242 2008 qua
261 1928 405 1990 extensio
420 1925 537 1990 intime
552 1929 769 1993 connectitur.

217 2026 253 2089 ὅθ’
273 2025 376 2089 Aliter
388 2025 593 2107 loquendum
605 2027 646 2091 de
658 2030 848 2095 extensione
859 2045 1048 2110 corporum,
1062 2046 1266 2110 quaeexpar·

170 2123 266 2188 tibus
281 2124 466 2188 actualibus
481 2126 662 2208 consurgit,
679 2128 773 2194 aliter
788 2129 829 2193 de
843 2130 1034 2193 extensione
1048 2126 1211 2204 continui,
1229 2127 1264 2189 in

129 2255 134 2267 ·
174 2241 244 2306 qno
260 2233 367 2306 partes
382 2225 524 2288 actuales
536 2225 636 2290 nulla
651 2238 740 2292 sunt.

218 2322 314 2388 Hisce
330 2323 503 2404 projectis,
521 2324 602 2406 quid
614 2324 655 2389 de
666 2344 842 2408 corporum
855 2326 1043 2390 extensione
1055 2326 1264 2391 sentiendum

175 2423 337 2500 videatur,
355 2423 408 2486 his
421 2441 493 2505 quae
507 2432 690 2505 sequuntur
702 2426 985 2508 propositionibus
1000 2426 1262 2513 complectimur.

153 2604 157 2613 .
214 2519 292 2585 1146.
316 2518 495 2587 Prorossrro
510 2521 536 2586 l.
560 2521 711 2587 biotenate
732 2540 895 2606 commum
913 2527 1048 2607 propita-
1062 2524 1123 2588 rito
1143 2542 1208 2589 nott
1222 2535 1265 2588 ert

172 2623 212 2686 s'rt
226 2636 309 2685 meru
327 2623 469 2704 portium
483 2622 689 2687 distinetione.

218 2720 300 2784 Nam
315 2723 348 2783 in
359 2722 476 2804 primis
488 2720 587 2802 hujus
600 2721 770 2784 sententia
783 2733 932 2785 auctores
943 2739 1010 2786 non
1024 2723 1123 2786 modo
1137 2721 1264 2804 peripa-

171 2821 284 2885 teticis
297 2819 338 2882 de
354 2821 490 2884 materia
499 2820 607 2902 prima
619 2820 780 2884 doctrinis
792 2820 990 2897 innituntur,
1005 2820 1061 2884 sed
1074 2821 1173 2885 etiam
1184 2838 1263 2902 sup-

178 2928 309 3004 ponunt
322 2920 471 2983 eamdem
486 2921 656 2982 materiam
673 2919 814 3001 primam
827 2928 902 2983 ante
917 2918 1030 2983 lormae
1043 2919 1264 2999 receptionem

177 3018 304 3085 nullam
320 3036 359 3082 ex
374 3038 408 3081 se
424 3019 592 3082 entitatem
608 3018 741 3094 babere,
767 3018 915 3100 adeoque
929 3018 1153 3082 distinctionis
1174 3018 1264 3081 inea·

123 3153 132 3166 ·
176 3137 293 3204 pacem
322 3135 409 3195 esse,
433 3117 466 3179 id
490 3118 579 3199 quod
602 3134 621 3179 a
642 3116 755 3182 multis
778 3117 1048 3181 scholasticorum
1071 3116 1263 3198 negabatur.

173 3220 285 3294 Quare
314 3216 464 3281 admissis
492 3232 625 3298 qnoque
654 3215 876 3301 peripateticis
905 3215 1092 3298 principiis,
1128 3213 1264 3278 refutari

179 3326 299 3404 potest.
787 3361 789 3366 -

220 3418 323 3485 blulto
334 3430 410 3482 vero
423 3412 719 3493 vmagisrejicienda
731 3422 792 3489 est,
804 3413 952 3477 atomicae
964 3410 1122 3476 doctrina
1133 3412 1266 3493 dogma-

177 3520 269 3585 tibus
302 3511 452 3593 receptis.
487 3511 577 3575 Patet
608 3512 711 3589 enim,
737 3511 809 3574 'sola
837 3518 1021 3574 atomorum
1051 3511 1266 3574 distinctione

178 3634 242 3683 nec
264 3618 402 3696 corpora
429 3609 525 3683 effici,
550 3626 610 3674 nec
632 3624 809 3692 corporum
829 3609 1065 3686 extensionem,
1081 3610 1147 3672 nisi
1163 3608 1266 3675 atomi

180 3720 269 3781 inter
283 3734 317 3778 se
338 3709 546 3792 copulentur.

225 3813 293 3878 ll'l.
318 3812 497 3874 Pnosnsrtrn
513 3806 553 3872 ll.
577 3806 685 3871 Merito
700 3817 807 3871 odam
821 3806 937 3881 docem,
958 3807 1164 3870 ostentionem
1179 3806 1270 3869 ‘laro-

178 3916 240 3977 lem
255 3911 404 3976 actualem
417 3924 474 3972 nec
485 3907 646 3989 propriam
660 3920 823 3988 corporum
844 3905 1052 3968 artemonem
1071 3922 1142 3982 esse,
1165 3920 1222 3967 tter
1245 3923 1270 3967 a

171 4007 358 4093 ,corporibus
372 4009 616 4092 inseparabilem.
