2792 4600
173 337 175 340 ·
197 300 261 366 346
647 318 837 365 oosuotoon.

240 433 387 497 llditiora
402 444 477 497 sunt
496 443 624 497 terrena
649 436 801 500 tertiario.
819 434 854 498 ln
872 436 993 516 quibus
1010 444 1125 517 praeter
1141 435 1284 501 marinas

196 535 340 609 exuvias,
369 532 520 614 reliquia
544 533 655 596 multae
681 534 877 596 delitescunt
905 534 1156 616 quadrupedum
1181 543 1284 598 terre-

195 632 334 710 strium;
358 633 445 693 inter
466 649 545 712 quas
568 649 640 712 quae
667 630 861 695 vetustiores
885 641 1053 714 apparent,
1071 651 1088 695 a
1109 632 1285 714 generibus

196 730 298 794 modo
321 730 355 792 in
375 739 462 793 terra
478 728 671 809 degentibus
686 729 780 792 valde
803 729 978 808 differunt}
1004 730 1202 795 recentiores
1218 748 1285 795 non

195 828 253 893 ita.

236 927 309 993 510.
333 927 379 991 llx
400 926 519 988 borum
538 925 689 987 omnium
710 924 937 989 observatione
962 925 1129 990 deducunt
1155 928 1284 1008 geologi

195 1028 229 1091 κ’
244 1026 349 1088 Strata
367 1028 435 1088 haec
449 1043 507 1087 seu
523 1023 692 1087 involucra
718 1025 883 1087 terrestris
907 1019 997 1105 globi
1013 1025 1078 1088 alia
1098 1026 1172 1088 aliis
1199 1027 1284 1089 anti·

193 1125 313 1206 quiora
327 1142 409 1198 esse,
425 1121 578 1187 videlicet
595 1121 753 1184 inferiora
768 1121 1006 1203 superioribus.
1023 1125 1057 1187 2·
1071 1123 1115 1186 Ea
1131 1143 1203 1187 esse
1219 1124 1283 1186 evi·

150 1216 164 1276 .’
191 1223 310 1286 denter
324 1240 428 1304 aquea
452 1220 645 1297 sedimenta‚
663 1238 770 1301 neque
793 1221 910 1284 celeris
935 1221 1098 1285 undarum
1114 1223 1282 1300 transitus,
1313 1247 1318 1259 ·

192 1331 249 1386 aut
262 1320 447 1402 cataclysmi
464 1318 633 1399 eujusdam
651 1337 795 1400 praeceps
818 1337 856 1381 ac
871 1319 1098 1401 perturbatum
1114 1340 1213 1403 opus,
1227 1324 1283 1385 sed

191 1439 211 1484 a
226 1420 414 1503 tranquillis
430 1439 467 1482 ao
479 1419 537 1481 diu
550 1419 819 1499 permanentibus
830 1419 925 1500 aquis
937 1420 1024 1483 lente
1035 1419 1189 1487 demissa.
1200 1422 1284 1486 ilinc

187 1521 225 1585 5⁰
239 1528 373 1597 terram3
390 1518 582 1599 ubicunque
596 1535 633 1580 ea
647 1526 745 1580 strata
761 1526 848 1593 sunt,
866 1519 1004 1580 marinis
1031 1527 1066 1582 ut
1086 1519 1281 1600 plurimum,

187 1618 314 1682 alieubi
327 1618 425 1681 etiam
442 1615 642 1698 palustribus
656 1616 751 1697 aquis
765 1615 823 1679 diu
835 1615 936 1679 fuisse
947 1625 1140 1682 contectam.
1154 1619 1189 1679 4⁰
1201 1617 1283 1681 Cum
1371 1671 1372 1702 ζ

189 1725 290 1781 strata
301 1716 415 1779 eadem
428 1703 636 1778 concentrica
648 1731 716 1776 non
727 1713 805 1789 sint,
819 1713 876 1776 sed
889 1714 1105 1778 horizontalia
1120 1716 1154 1778 in
1168 1717 1280 1797 plano,
1371 1719 1372 1742 ¹

187 1816 231 1880 ad
247 1816 347 1879 latera
361 1833 437 1878 vero
452 1814 616 1878 montium
630 1801 762 1891 elevata,
777 1813 975 1878 concludere
986 1832 1117 1879 necesse
1129 1825 1188 1895 est,
1203 1816 1282 1879 snb·

189 1916 324 1979 stantias
345 1933 418 1997 quae
440 1915 474 1978 in
497 1913 772 1996 profundioribus
794 1924 889 1978 terre
912 1916 1098 1985 ‚visceribus
1125 1916 1280 1992 latebant,

186 2033 276 2097 saeps
292 2015 326 2077 in
342 2014 444 2077 altum
460 2013 662 2094 ejaculatase
679 2015 760 2076 mari
778 2015 937 2095 erupisse,
955 2033 992 2078 ae
1006 2017 1281 2098 superimpositos

187 2113 363 2176 sedimenti
381 2111 520 2175 cortices
540 2112 693 2175 extulisse
709 2103 919 2177 acsiuuasse.
937 2114 1205 2178 meinatarram
1224 2116 1280 2176 ba·
1347 2115 1349 2118 ’

187 2211 359 2274 bitabilem
375 2211 486 2274 amari
505 2210 688 2286 emersisse,
706 2230 743 2274 ac
757 2230 843 2294 saepe
857 2212 916 2275 ubi
933 2230 1022 2276 mare
1038 2213 1143 2276 fuerat
1159 2225 1280 2276 terram

148 2394 149 2397 Ἴ
188 2312 302 2386 fuisse,
313 2320 344 2374 et
358 2309 503 2373 vicissim
520 2319 614 2373 terrae
626 2328 716 2373 mare
728 2312 941 2388 successisse;
955 2330 1031 2376 nam
1045 2314 1280 2394 superelevata

186 2418 286 2475 strata
303 2411 422 2473 iterum
444 2408 661 2472 horizontalia
682 2418 875 2486 cernuntur,
892 2418 924 2474 et
945 2411 1007 2474 sub
1035 2411 1173 2474 marinis
1200 2412 1280 2474 sub·

185 2512 339 2576 sidentiis
367 2511 538 2593 palustres,
570 2528 645 2572 cum
674 2511 838 2572 terrestris
869 2512 1081 2591 vegetationis
1110 2511 1276 2593 reliquiis.

184 2613 221 2678 6ο
236 2613 351 2678 blultes
365 2627 563 2691 magnasque
575 2608 818 2672 vicissitudines
830 2612 1126 2691 conversionesque
1138 2611 1279 2699 superfi-

186 2714 271 2776 ciem
287 2710 414 2774 telluris
430 2726 556 2791 passam
569 2727 639 2770 esse
653 2715 728 2770 ante
740 2708 887 2771 hominis
902 2711 1159 2790 apparitionem
1178 2711 1278 2774 nullm

185 2809 352 2892 siquidem
370 2805 516 2869 hominis
531 2806 653 2870 exuviae
672 2816 728 2867 aut
751 2815 961 2870 monumenta
983 2797 1132 2890 io’supra
1148 2809 1275 2873 descri-

187 2908 253 2990 ptis
267 2906 407 2971 terrenis
425 2904 644 2986 reperiuntur.
655 2905 688 2966 7⁰
700 2905 813 2967 Fuisse
827 2913 955 2986 teinpus
969 2924 1069 2985 quum
1083 2924 1144 2968 nec
1157 2907 1277 2987 planta

187 3028 249 3073 nec
264 3005 442 3070 animantia
459 3005 526 3068 ulla
541 3006 675 3068 interra
691 3012 809 3080 essent,
828 2997 1045 3086 plantas'dein
1062 3006 1275 3087 germinasse,

187 3116 355 3191 postremo
366 3105 546 3168 animantia
557 3094 761 3186 apparuisse,
771 3103 835 3166 alia
848 3114 922 3185 post
937 3104 1019 3180 alia;
1033 3104 1278 3185 imperfectiora

211 3209 345 3282 rimnm,
377 3204 454 3267 dein
486 3203 692 3284 perfectiora.
718 3202 854 3264 Domum
883 3204 917 3266 8ο
944 3203 1045 3265 multa
1075 3203 1275 3283 plantarum,

186 3308 290 3371 multa
316 3303 534 3368 animantium
555 3319 673 3382 genera
693 3302 756 3364 late
781 3320 881 3383 super
909 3311 1029 3365 terram
1057 3302 1277 3387 multiplicata

185 3406 299 3480 fuisse,
317 3404 393 3466 dein
409 3402 546 3465 omniuo
559 3400 676 3476 deleta,
693 3401 768 3463 aliis
783 3400 817 3463 in
835 3418 947 3464 eorum
972 3402 1080 3464 locum
1095 3401 1276 3464 succeden-

186 3504 289 3568 tibus

203 3624 206 3628 “
227 3603 300 3671 all.
325 3600 372 3663 Ex
387 3601 438 3663 bis
453 3598 608 3663 omnibus
624 3597 838 3673 concludunt,
854 3607 977 3661 naturae
993 3599 1076 3660 vires
1092 3599 1274 3661 secuudum

186 3703 275 3783 leges
287 3699 409 3780 quibus
422 3717 510 3761 nunc
524 3706 692 3778 reguntur,
704 3706 887 3777 operantes,
897 3697 1068 3776 gradatim,
1079 3696 1272 3771 successive,

185 3819 262 3865 cum
274 3817 451 3883 progressu
470 3799 510 3861 ab
526 3796 727 3880 imperfectis
743 3795 782 3857 ad
800 3795 1006 3877 perfectiora,
1023 3795 1122 3876 longo
1137 3796 1281 3860 saeculo·¹

187 3917 263 3973 rum
278 3899 431 3973 decursu,
445 3897 622 3976 multisque
634 3894 837 3975 interpositis
850 3902 1011 3956 terrarum
1023 3894 1271 3967 elevationibus,

184 4013 225 4058 ac
240 3996 456 4058 violentarum
471 3995 684 4077 eruptionum
695 3992 991 4068 vicissitudinibus,
1004 4001 1193 4057 terrestrem
1206 3992 1274 4073 glo-
