2792 4600
447 351 534 398 trono
554 352 675 413 onium,
697 353 790 432 crpus
810 355 840 402 v.
1133 339 1192 404 287

110 481 164 526 seu
176 461 373 539 multitudo;
393 464 520 527 etiamsi
537 484 610 547 qnae
623 466 777 533 distincta
791 479 880 543 sunt,
893 469 985 534 unita
1000 470 1078 546 sint,
1096 480 1193 552 atque

108 559 188 623 adeo
204 561 372 626 communi
389 561 533 628 termino
548 565 758 647 copulentur,
776 573 811 628 nt
827 565 861 627 in
876 567 1026 632 continui
1043 568 1191 649 partibus

107 659 279 740 contingit.

148 757 221 822 175.
245 757 516 823 concludendum
543 778 581 823 ex
602 760 711 838 dictis,
734 761 928 826 continuum
950 779 1017 826 noo
1043 772 1193 828 constare

106 856 256 937 partibus
270 864 345 919 acin
359 855 537 921 distinctis.
555 857 622 922 lloc
638 857 747 940 ipsum
760 866 868 935 tamen
885 859 1109 924 difficultatem
1124 878 1192 925 non

106 952 210 1016 levem
227 953 337 1020 habet.

143 1050 277 1122 Etenim
300 1052 333 1116 1⁰
354 1054 432 1128 Qum
453 1060 527 1118 actu
547 1070 614 1118 non
637 1053 898 1135 distinguuntur,
915 1053 1076 1137 distingui
1103 1073 1190 1119 nnn·

39 1213 42 1219 .
106 1167 207 1231 qoem
222 1158 295 1218 ectu
316 1158 465 1238 possunt.
482 1149 562 1215 Nem
579 1169 652 1233 que
666 1161 740 1216 ectu
756 1170 824 1217 non
840 1152 1099 1234 distinguuntur,
1116 1165 1195 1217 sunt

106 1256 180 1312 actu
203 1248 428 1320 idemtidem
449 1259 597 1315 autema
618 1250 727 1332 seipso
750 1250 998 1315 distinctionem
1021 1251 1192 1338 acquirere

104 1363 173 1410 non
190 1355 307 1428 potest.
330 1347 370 1412 tt
386 1347 536 1412 continui
553 1358 659 1429 partes
675 1358 763 1413 certe
777 1359 917 1432 possunt
930 1359 1004 1414 ectu
1017 1349 1190 1432 distingui.

103 1445 203 1528 Ergo.
741 1462 758 1483 t·

144 1544 178 1607 2⁰
199 1545 243 1610 Ea
259 1544 381 1627 quibus
406 1544 638 1610 attributionos
659 1544 925 1608 contradictorie
946 1544 997 1608 vel
1020 1543 1193 1610 contrarie

20 1685 21 1694 .
103 1650 180 1714 ootu
201 1645 414 1732 conveniunt,
436 1655 510 1708 ectu
532 1644 782 1725 distinguuntur
800 1660 808 1710 ε
826 1644 877 1707 hae
892 1661 1035 1725 nemque
1050 1644 1191 1710 attribu·

103 1740 214 1806 tiones
235 1743 270 1805 in
290 1762 357 1808 nno
373 1743 557 1826 codemque
572 1742 719 1825 subjecto
734 1743 833 1810 simul
850 1744 990 1824 reperiri
1007 1751 1189 1826 nequeunt.

101 1838 175 1902 iam
191 1841 225 1903 in
242 1841 390 1906 continui
408 1840 554 1921 partibus
569 1842 737 1924 oppositas
752 1840 984 1904 attributiones
1002 1840 1192 1921 hujusmodi

18 1951 20 2026 j
102 1954 192 2018 soepe
207 1939 364 2020 reperies.
381 1937 501 2006 Omitto
517 1957 590 2020 quae
605 1946 729 2004 veteres
746 1939 832 2002 hanc
847 1939 882 2001 in
897 1956 968 2002 rem
983 1938 1194 2022 proferebant

102 2056 141 2101 ex
164 2056 343 2121 corporum
364 2037 650 2108 consideratione:
674 2054 815 2119 corpore
837 2037 1019 2102 enimvero
1035 2038 1192 2102 continue

101 2152 173 2199 non
189 2145 283 2215 sunt;
299 2137 355 2200 sed
370 2146 458 2202 certe
473 2137 556 2221 ipsis
570 2146 758 2206 atomorum
773 2137 922 2220 pertibus
937 2128 1099 2219 oppo'sitae
1112 2135 1190 2200 affe·

100 2235 230 2301 stiones
245 2237 455 2314 conveniunt,
473 2245 509 2301 ut
523 2256 553 2304 v.
569 2254 618 2323 pr.
632 2236 695 2300 elia
709 2254 783 2320 pers
795 2245 958 2319 tangatur,
973 2245 1062 2319 puta,
1076 2236 1116 2299 ab
1128 2235 1192 2301 elia

100 2341 225 2410 domo,
250 2336 314 2398 elis
333 2353 400 2401 non
415 2344 577 2419 tangatur,
594 2335 628 2405 in
646 2352 711 2398 une
725 2334 768 2400 sit
783 2335 880 2416 polus
895 2335 1041 2417 positivae
1056 2334 1189 2398 electri·

99 2432 223 2508 citatis,
239 2433 274 2495 in
290 2433 354 2497 elia
371 2434 466 2515 polus
482 2434 648 2515 negotiose,
663 2443 694 2499 et
709 2434 845 2499 similia.

17 2566 19 2573 >
140 2533 177 2596 5Φ
197 2534 232 2601 Si
249 2553 326 2599 vero
347 2535 466 2618 aliquae
482 2544 588 2617 partes
608 2544 682 2600 actu
697 2535 944 2617 distinguuntur
966 2535 1188 2611 insontium,

96 2631 169 2713 J'am
183 2651 297 2698 omnes
313 2636 357 2698 ita
373 2635 531 2717 distingui
548 2635 696 2699 dieendae
711 2644 806 2712 sunt;
830 2635 922 2698 nulle
936 2635 1026 2703 enim
1040 2643 1088 2698 est
1103 2637 1188 2700 ratio

99 2749 162 2796 eur
181 2732 300 2816 alique
319 2742 426 2816 portes
447 2742 533 2809 ectu,
557 2734 677 2816 alique
696 2733 804 2799 solum
821 2734 966 2816 potentie
982 2733 1190 2815 distinguen-

98 2839 167 2894 tttr.
226 2870 229 2876 ,

140 2930 194 2995 Sit
213 2931 434 2995 nihilominus

141 3026 215 3092 lid.
238 3031 417 3094 Puonosmo
439 3028 494 3095 Ill.
519 3029 558 3092 le
581 3030 727 3095 continuo
748 3047 802 3111 per
822 3046 852 3090 re
872 3036 976 3109 portet
996 3045 1061 3092 ecte
1076 3029 1187 3091 distin·
1214 3022 1215 3025 ’

97 3134 243 3207 ponetur
263 3128 325 3189 cisi
340 3128 495 3209 peteretic3
514 3134 587 3190 cetu
605 3145 675 3191 cero
689 3126 842 3209 distinqui
857 3133 988 3208 potsunt
1000 3124 1189 3189 solummedo

97 3239 139 3284 ere
161 3225 264 3289 causis
282 3225 485 3289 extrinsecis:

139 3320 237 3389 Ratio
251 3323 366 3404 primm
379 3323 478 3405 pertis
493 3332 543 3387 est
552 3321 725 3389 manifesta
738 3341 777 3389 ex
788 3321 898 3387 dictis.
913 3322 993 3386 Cum
1005 3321 1094 3386 enim
1111 3340 1188 3386 eon·

96 3417 231 3483 tinuum
248 3421 290 3484 sit
305 3422 340 3484 in
355 3421 523 3485 infinitum
539 3420 718 3498 divisibile,
735 3422 763 3485 si
779 3419 928 3486 continui
943 3428 1050 3502 partes
1061 3439 1101 3484 ex
1117 3421 1188 3503 ipso

97 3516 172 3598 ejus
195 3528 310 3585 natura
329 3520 490 3584 distincte
512 3529 586 3583 ectu
604 3528 725 3597 essent,
743 3521 801 3583 has
821 3528 929 3601 portes
952 3517 1098 3583 infinitas
1119 3539 1189 3583 esse

97 3626 279 3698 oporteret.
294 3618 331 3684 id
347 3618 436 3700 qood
451 3618 633 3685 absurdum
650 3625 711 3696 est,
728 3628 764 3681 nt
775 3617 876 3687 modo
892 3616 1049 3681 diximus.
1066 3616 1187 3699 Super·

96 3725 149 3778 est
173 3716 272 3799 igitur
291 3725 325 3781 nt
349 3717 417 3780 sint
437 3717 544 3781 solunt
561 3717 707 3798 potentia
728 3715 902 3793 distincto.
920 3713 998 3788 Quae
1021 3714 1188 3780 distinctio

97 3812 170 3877 huc
187 3814 285 3893 redit,
306 3816 396 3898 quod
416 3834 622 3898 quocunque
641 3814 790 3880 continui
808 3812 916 3894 portio
932 3811 1133 3898 designetur,
1150 3828 1189 3875 ee

96 3913 255 3994 pluribus
276 3916 463 3983 minoribus
477 3913 688 3998 portionibus
705 3911 889 3996 equivalet,
905 3927 979 3991 quae
995 3910 1030 3973 in
1047 3911 1057 3973 i
1062 3929 1118 3993 psa
1131 3927 1186 3976 or·

98 4011 184 4076 dine
197 4014 340 4095 quodam
353 4014 518 4098 designari
534 4020 678 4095 possent.
