2792 4600
395 306 481 351 urnae
503 306 665 365 sacurem,
689 306 782 354 canor
806 308 840 355 u.
1117 292 1177 356 337

89 439 160 486 cum
176 419 297 483 infiniti
321 428 435 484 natura
463 431 621 502 repugnat
637 421 685 500 (0.
703 422 778 499 549,
796 422 865 500 ΙΙΙ).
886 425 1010 487 Horum
1026 442 1104 506 ergo
1119 443 1177 487 an·

87 507 202 584 norur'n
219 536 374 582 numerus
392 520 541 581 infinitus
557 529 652 582 esset.
666 519 730 583 Sed
745 520 816 583 dies
829 521 888 602 qui
904 522 955 584 his
966 524 1062 586 annis
1074 524 1178 587 conti·

87 626 251 690 narentur,
269 625 355 681 certe
373 618 477 679 mutto
496 618 606 697 piures
627 624 753 694 essent;
775 618 842 681 imo
866 619 1025 682 infinities
1051 622 1175 703 plures.

87 718 167 793 drgo
187 714 354 778 infinitum
378 734 482 787 unum
505 716 546 778 ab
572 715 704 779 infinito
729 715 833 780 altero
861 716 894 778 in
917 719 1034 782 eodem
1058 738 1177 801 genero

86 812 306 884 multitudinis
322 813 481 877 infinities
496 822 717 895 superaretur.

21 909 22 914 ’
122 911 192 973 iam
208 914 237 989 a)
255 910 422 974 infinitum
438 911 569 974 infinito
585 914 690 991 maius
706 929 860 975 essenon
877 923 984 993 potest
1010 916 1043 978 in
1060 916 1176 981 eodem

21 1043 22 1090 3
84 1028 213 1091 genere,
230 1021 266 1073 ut
277 1011 357 1073 aiibi
374 1012 578 1076 ostendimus
595 1011 644 1090 (0.
660 1011 734 1087 549,
752 1011 832 1093 ΙΙΙ.).
848 1014 934 1094 Ergo
950 1015 1093 1078 mundus
1108 1033 1176 1080 non

84 1111 297 1191 semperiuit.

121 1210 147 1288 b)
173 1210 208 1272 Si
224 1210 368 1273 mundus
384 1219 466 1291 quot
477 1210 547 1274 dies
564 1211 673 1286 habet,
687 1219 735 1274 tot
748 1212 883 1276 haberet
896 1230 1014 1291 annos,
1029 1215 1176 1294 protecto

21 1299 23 1302 ’
83 1326 244 1373 annorum
257 1310 372 1373 mnndi
390 1328 548 1373 numerus
562 1310 667 1391 major
683 1319 778 1385 esset,
795 1329 893 1392 quam
909 1297 1010 1376 modo
1022 1315 1076 1377 sit.
1087 1313 1175 1386 Quo-

84 1409 182 1472 modo
207 1426 285 1489 ergo
312 1408 433 1488 poterit
448 1426 608 1473 annorum
627 1409 819 1490 hujusmodi
834 1410 1012 1475 muttitudo
1028 1430 1175 1493 unquam

85 1526 153 1569 esse
171 1506 321 1569 infinita?
959 1511 961 1514 ’

122 1606 196 1670 net.
214 1605 255 1668 ll.
272 1607 518 1670 Demonstratur
530 1607 714 1687 propositio
727 1625 765 1668 ex
778 1625 889 1671 rerum
905 1610 1081 1673 creatione.
1093 1610 1174 1673 Cum

84 1705 122 1765 iis
141 1704 233 1766 enim
256 1703 395 1783 agimus,
413 1703 470 1782 qui
499 1703 672 1765 nobiscum
697 1712 843 1780 tuentur,
861 1705 964 1768 Deum
985 1724 1051 1769 non
1075 1708 1175 1771 modo

84 1802 197 1865 mundi
225 1802 441 1888 architectum
457 1809 488 1864 et
514 1802 665 1883 opificem
688 1820 769 1876 esse,
787 1803 842 1864 sed
864 1804 960 1866 etiam
977 1822 1086 1868 rerum
1102 1824 1174 1870 om·

83 1901 174 1964 nium
190 1901 431 1964 mundanarum
447 1899 613 1979 materiam
628 1920 664 1962 er
682 1901 790 1965 nihilo
810 1901 973 1965 eduxisse.
989 1902 1087 1984 Atqui
1104 1924 1174 1969 esse

83 2011 227 2062 creatum
239 2016 313 2060 cum
329 2017 400 2060 esse
414 2007 536 2060 aeterno
551 1999 707 2078 componi
725 1998 849 2079 nequit.

121 2097 254 2160 Etenim
270 2097 531 2160 mercationem
548 2097 642 2177 ponit
655 2108 745 2160 extra
762 2098 865 2161 Deum
881 2115 932 2161 res
948 2108 1082 2176 creatas,
1100 2120 1173 2182 qum

85 2217 119 2261 cx
134 2216 172 2259 se
191 2216 261 2259 esse
287 2214 353 2259 non
379 2195 510 2276 habent,
527 2206 559 2259 et
578 2215 616 2259 ex
637 2197 745 2261 nihilo
761 2198 955 2261 educuntur.
974 2200 1049 2262 Haec
1064 2210 1173 2265 autem

85 2296 205 2381 positio
232 2296 357 2377 passive
382 2294 598 2372 considerata,
616 2316 654 2359 ex
670 2296 718 2359 rei
743 2307 857 2360 natura
879 2291 1083 2363 momentum
1110 2301 1171 2365 aii·

86 2397 173 2479 quod
196 2397 313 2477 signat,
338 2397 428 2478 quod
449 2414 467 2459 a
488 2396 704 2495 sequentibus
732 2397 970 2461 mutationibus
996 2398 1172 2481 distingui·
1200 2461 1205 2469 ,

84 2505 146 2561 tur.

121 2595 220 2676 Atqui
237 2595 298 2657 hoc
313 2603 517 2657 momentum
540 2609 654 2674 suapte
676 2601 792 2656 natura
813 2603 862 2654 est
887 2592 996 2673 ipsum
1013 2597 1171 2676 temporis

83 2695 226 2758 initium.
241 2692 323 2755 Nam
339 2702 467 2774 tompus
484 2692 567 2755 nihii
586 2702 633 2755 est
648 2693 751 2762 atiud.
769 2709 868 2772 quarn
885 2693 1103 2756 mutationum
1119 2712 1170 2757 se·
1192 2736 1194 2739 ψ

83 2794 146 2857 ries
171 2808 242 2874 quae
262 2799 335 2872 post
353 2793 552 2854 creationem
576 2791 675 2854 rebus
698 2790 816 2853 creatis
839 2792 1046 2872 contingunt.
1064 2793 1170 2866 Quum

85 2893 181 2974 igitur
193 2900 362 2974 ponuntur
377 2909 428 2954 res
444 2899 572 2966 creatae,
589 2891 747 2970 temporis
764 2890 898 2951 initium
914 2891 1058 2970 ponitur.

121 2990 185 3053 Sed
198 3000 326 3071 tempus
341 2989 430 3070 quod
444 2989 578 3051 initium
596 2989 704 3064 habet,
719 2997 876 3051 eternum
890 3007 1039 3053 essenon
1052 3002 1169 3072 potest.

85 3087 179 3169 Ergo.
778 3085 781 3090 ’

21 3230 22 3233 =
120 3189 192 3253 995.
216 3189 248 3251 2⁰
271 3188 363 3251 Dices
386 3205 393 3247 :
418 3185 613 3249 simundus
640 3195 781 3248 aeternus
807 3185 1020 3262 est‚,nulium
1047 3187 1171 3252 instans

21 3290 22 3297 ’
83 3270 235 3368 assignari
264 3295 381 3367 potest,
411 3287 445 3347 in
472 3304 538 3366 quo
567 3284 677 3365 primo
700 3302 718 3344 a
744 3285 811 3347 [teo
836 3284 1027 3348 dimanavit.
1047 3311 1061 3344 r
1080 3286 1171 3352 Sicut

86 3386 222 3461 «enim,
250 3384 417 3465 inquiunt,
444 3383 500 3462 (ita
526 3382 567 3444 de
593 3381 783 3444 aeternitatis
808 3382 923 3445 mundi
948 3386 1169 3450 'assertoribus

85 3506 99 3542 a
122 3486 153 3550 S.
170 3483 382 3564 Augustinus)
400 3482 426 3544 si
443 3500 501 3564 pes
516 3499 553 3543 er
566 3481 744 3543 aeternitate
764 3498 894 3561 semper
917 3480 1029 3544 suisset
1045 3482 1079 3544 in
1095 3485 1170 3564 pul·

84 3604 99 3640 ι
120 3600 203 3658 vero,
221 3599 350 3661 semper
372 3579 520 3642 subesset
543 3578 727 3659 vestigium,
748 3578 838 3659 quod
854 3597 872 3641 a
886 3579 1031 3643 caleante
1047 3579 1168 3645 factum

85 3703 101 3738 c
122 3697 217 3743 nemo
233 3678 415 3757 dubitaret3
433 3678 481 3741 sic
502 3688 534 3740 et
556 3678 701 3740 mundus
721 3693 851 3758 semper
867 3676 939 3756 tuit,
957 3696 1087 3761 semper
1101 3679 1171 3742 exi·

85 3800 99 3836 c
122 3786 223 3842 stento
238 3777 296 3859 qui
308 3776 386 3839 iecit
401 3779 450 3856 (r).
472 3801 487 3835 n

123 3876 230 3957 Atqui
249 3875 312 3939 hoc
326 3874 441 3938 dicunt
455 3875 633 3938 creationis
644 3883 840 3955 conceptum
854 3873 951 3955 plane
966 3873 1099 3940 tollunt.

106 4007 136 4063 (i)
151 4007 182 4053 De
194 4006 245 4054 Giv.
256 4005 300 4054 oet
310 4004 401 4054 uinx.
414 4016 435 4052 c.
447 4004 536 4054 XXXI.
