2792 4600
227 320 290 385 284
680 324 686 332 '
707 338 899 387 cosuoroovs.

223 450 362 533 quippe,
377 467 452 513 cnm
467 449 631 532 quantitas
645 440 788 516 discrete
806 452 861 529 sit,
884 469 923 514 es
939 450 1038 514 rebus
1062 450 1228 528 indivisis,
1246 454 1269 515 i.
1287 473 1318 516 e.

227 546 410 611 unitatibus
421 547 570 612 collectis
580 549 736 630 componi
750 559 867 631 potest.
877 547 1078 613 Continuam
1089 566 1166 612 vero
1179 568 1218 612 es
1230 549 1321 613 indi·

225 645 415 709 visibilibus
438 647 594 729 componi
615 647 746 729 nequit,
762 648 841 730 quia
863 646 1082 710 indivisibilia
1098 664 1165 711 non
1183 660 1321 729 possunt

226 742 418 807 immeditate
444 745 644 810 continuari.
665 747 786 809 Tamen
814 744 1029 821 indivisibile,
1046 763 1122 809 cnm
1146 744 1243 808 limes
1263 745 1320 821 sit,

228 839 362 922 initium
390 849 439 906 est
453 860 491 907 nc
518 843 595 907 finis
612 843 775 920 continui,
810 852 841 907 et
856 843 890 907 in
907 843 970 907 hoo
995 860 1070 907 cum
1090 841 1215 907 unitate
1243 835 1322 908 con·

229 939 330 1003 venit.
1250 942 1253 949 '

273 1038 323 1102 Ad
345 1038 399 1102 2⁰⁰.
417 1037 495 1104 ber.
510 1048 578 1103 ont.
595 1039 805 1126 Unaquaequo
820 1041 970 1105 continui
989 1057 1064 1122 pars
1081 1050 1130 1105 est
1142 1039 1319 1105 multitudo

233 1135 378 1218 partium
407 1137 598 1214 actualium,
624 1157 709 1221 cepe
724 1138 868 1220 partium
886 1138 1108 1224 possibilium,
1130 1157 1215 1202 ceco.
1237 1137 1320 1203 ilinc

183 1260 188 1266 ·
230 1252 301 1316 nep.
317 1252 401 1299 cous.
418 1234 753 1318 Etenimcontinnom
769 1238 879 1319 ipsum
894 1247 967 1301 actu
983 1246 1032 1302 est
1044 1238 1163 1313 unius,
1180 1254 1218 1301 ac
1233 1236 1319 1301 mul·

231 1331 339 1397 titudo
360 1334 468 1399 solum
484 1335 518 1398 in
532 1336 690 1419 potentia.

274 1432 345 1498 169.
362 1432 423 1499 Ob.
448 1434 500 1501 IV.
522 1436 554 1501 si
572 1436 769 1499 continuum
790 1444 875 1499 esset
890 1437 923 1500 in
948 1435 1116 1499 inlinitum
1139 1433 1318 1511 divisibile,

230 1533 423 1611 pertransiri
443 1551 509 1597 non
533 1542 653 1617 posset.
677 1534 728 1600 Ad
747 1534 811 1598 boc
825 1534 917 1599 enim
931 1542 967 1597 ut
990 1533 1114 1599 mobile
1129 1533 1320 1597 continuam

195 1683 197 1687 .
231 1631 457 1695 extensionem
486 1641 587 1697 totam
613 1634 950 1715 pertranseat,.bujus
972 1632 1151 1696 dimidium
1177 1640 1320 1695 transeat

229 1737 372 1808 oportet.
386 1729 450 1793 Sed
473 1730 571 1795 etism
583 1731 761 1796 dimidium
778 1732 841 1795 boc
857 1731 891 1794 in
904 1731 1093 1794 medietates
1108 1730 1189 1794 duas
1205 1729 1320 1792 divisi·

229 1823 299 1887 bile
311 1834 369 1890 est.
387 1828 471 1908 Ergo
486 1838 662 1911 antequam
678 1828 856 1892 dimidium
879 1829 943 1892 boe
958 1837 1170 1911 pertranseat,
1187 1828 1320 1891 dimidii

232 1921 411 1988 dimidium
423 1926 562 1990 transire
577 1927 694 2005 debet,
702 1938 735 1990 et
745 1928 794 1990 sic
810 1927 844 1990 in
859 1926 1037 1991 inlinitum.
1054 1928 1113 1992 Ast
1127 1926 1256 1990 infinita
1270 1926 1320 1989 di·

233 2020 336 2084 midia
351 2024 544 2106 pertransiri
561 2036 741 2108 nequeunt.
757 2026 856 2107 Ergo.

277 2120 347 2186 tto.
365 2124 463 2205 Resp.
477 2123 555 2207 Ncg.
572 2136 638 2189 oct.
654 2125 704 2189 Ad
728 2125 822 2207 prob.
847 2124 927 2190 bnt.
952 2123 993 2191 Ut
1018 2124 1142 2190 mobile
1157 2124 1319 2188 extensio·

231 2235 308 2281 nem
320 2221 510 2285 continuam
523 2231 736 2309 pertranseat,
751 2224 849 2304 buius
861 2223 1038 2287 dimidium
1062 2231 1205 2287 transeat
1223 2240 1321 2306 opor·

234 2325 289 2396 tet,
314 2336 433 2401 nempe
462 2321 640 2386 dimidium
667 2323 815 2406 potentia
839 2323 1055 2387 solummodo·
1076 2323 1254 2385 discretum
1282 2321 1322 2384 ab
1381 2316 1382 2367 i

232 2416 335 2483 altero
348 2418 610 2498 dimidientur,-
621 2422 800 2486 dimidium
813 2433 886 2486 ectu
895 2422 1085 2498 discretum,
1098 2422 1198 2498 subd.,·
1210 2421 1238 2485 si
1249 2439 1322 2485 mo·

235 2518 287 2577 lus
322 2532 388 2579 non
412 2517 455 2580 sit
479 2519 669 2599 continuus,
689 2530 722 2584 et
744 2520 956 2585 dimidinma
978 2520 1120 2585 dimidio
1141 2520 1321 2598 discernat,

194 2690 196 2692 v
232 2632 459 2694 conc.;secus,
475 2636 564 2701 nepo.
686 2665 688 2668 ι

279 2713 390 2779 Trous.
403 2717 482 2781 mio.
494 2725 526 2780 et
536 2718 607 2782 dist.
619 2736 705 2781 cous.
719 2719 901 2798 Antequam
919 2718 1043 2782 mobile
1055 2717 1232 2782 dimidium
1245 2736 1322 2799 per·

190 2825 196 2834 '
234 2825 386 2891 transeat,
401 2815 532 2879 dimidii
546 2816 722 2880 dimidium
734 2817 874 2880 transire
886 2817 983 2880 debet
995 2818 1029 2880 in
1046 2817 1225 2894 infinitum,
1238 2818 1324 2899 quin

235 2930 368 2977 necesse
393 2914 440 2976 sit
458 2913 597 2977 dimidio
623 2915 692 2978 haec
706 2924 780 2978 actu
796 2914 1008 2996 distinguere,
1031 2933 1136 2991 ccuc.,·
1150 2934 1188 2979 ea
1202 2914 1324 2979 distin·

127 3082 129 3085 ,
234 2997 740 3096 grando,rotu.,·'distinguend0
755 3022 836 3095 quot
851 3013 1009 3096 distingui
1024 3027 1160 3096 possunt
1171 3035 1255 3096 ηομ·
1271 3014 1324 3078 di·

236 3112 435 3192 stinguendo
457 3112 606 3194 quaedam
623 3113 864 3194 interruptione
879 3112 949 3194 ipsa
964 3120 1084 3177 motus.
1100 3132 1185 3177 coco.

277 3210 488 3292 Assumptuvn
514 3229 647 3294 quoque
676 3212 815 3275 alterum
839 3212 911 3276 dist.
937 3211 1067 3276 Infinita
1087 3212 1226 3276 dimidia
1247 3229 1325 3293 per·

236 3308 369 3372 transiri
393 3318 572 3389 nequeunt,
588 3308 616 3371 si
639 3308 797 3389 distingui
820 3319 893 3373 actu
915 3310 1065 3384 debeant,
1088 3310 1235 3385 recessi·
1255 3328 1325 3374 non

238 3406 378 3471 debeant
393 3416 466 3470 actu
481 3406 653 3486 distingui,
670 3425 760 3489 nego.

279 3506 354 3570 ilaec
368 3504 457 3568 brevi
473 3513 522 3567 est
537 3505 760 3569 celeberrime
775 3506 870 3585 buius
883 3505 1080 3587 objectionis
1095 3507 1137 3569 ab
1148 3507 1325 3572 Aristotele

237 3598 357 3669 tradita
371 3602 492 3681 solutio
506 3604 555 3681 (l).
573 3601 664 3666 Esset
677 3603 894 3683 impossibilis
909 3613 1029 3677 motus,
1043 3604 1069 3666 si
1088 3604 1211 3667 mobile
1232 3613 1326 3668 motu

238 3722 299 3768 suo
311 3702 450 3766 dimidia
461 3702 573 3789 omnia
584 3702 714 3782 signare
726 3702 868 3765 deberet.
878 3701 968 3764 Tunc
980 3701 1068 3765 enirn
1082 3720 1149 3766 non
1163 3704 1326 3766 inveniret

240 3801 387 3887 profecto
403 3801 578 3865 dimidium
595 3802 705 3883 primo
725 3800 933 3880 signandum.
948 3799 989 3863 At
1002 3788 1098 3880 ldge
1114 3801 1208 3865 aliter
1222 3800 1258 3864 se
1272 3820 1327 3864 res

239 3902 350 3989 babet.
365 3900 446 3966 Nam
459 3902 485 3965 si
501 3909 609 3966 motus
620 3901 663 3963 sit
674 3899 862 3975 continuus,
880 3904 1055 3981 pertransit
1070 3900 1204 3981 quidem
1217 3909 1327 3982 partes

267 4034 299 4090 (l)
315 4031 368 4080 vll.
383 4032 456 4092 rupi.
472 4039 545 4093 texte,
562 4032 600 4080 nt.
