2792 4600
217 315 259 379 tn
671 329 842 375 onnotocrn.

216 464 299 520 vam,
317 443 398 506 utin
416 441 532 524 Logica
549 441 786 505 deelaravimus
802 441 848 521 (L.
865 440 955 519 558),
971 458 1008 502 ac
1023 439 1154 503 deliniri
1175 448 1302 520 potest:

203 528 320 606 'untias
347 548 508 621 conceptus
535 541 780 620 representantis
807 553 956 601 naturam
983 526 1132 618 plurium.
1164 540 1305 602 Advorte

216 640 482 721 porrounitatem
498 639 664 700 bancosse
679 645 711 698 et
723 637 787 698 dici
799 638 953 698 unitatem
969 636 1107 699 rationis
1118 648 1306 717 comparate

215 738 255 799 ad
271 755 323 800 res
335 736 457 818 quibus
472 743 520 799 est
531 735 725 810 extrinseca;
743 734 798 796 sed
815 735 842 795 si
860 741 1024 813 spectetur
1039 736 1110 815 ipse
1125 743 1305 816 conceptus

122 841 124 845 '
216 836 250 899 in
267 853 313 907 se,
333 835 430 897 habet
446 834 516 916 ipse
538 832 696 896 unitatem
723 831 787 893 sibi
818 830 1029 893 intrinsecam
1056 851 1093 894 ac
1119 833 1250 906 realem,
1270 842 1308 894 ut

217 946 316 1019 patet.

261 1034 330 1098 105.
355 1032 468 1097 Unitas
485 1031 582 1094 realis
598 1031 716 1093 iterum
734 1029 782 1090 vel
798 1037 846 1092 est
862 1029 970 1091 unitas
987 1029 1019 1090 in
1039 1047 1158 1110 genere
1173 1034 1308 1111 quanti-

217 1136 302 1206 tatis,
321 1132 428 1201 unitas
443 1149 561 1212 nempe
584 1131 811 1203 mathematica,
830 1129 871 1191 de
887 1147 950 1209 qua
973 1129 1072 1210 paulo
1087 1141 1162 1193 aute
1178 1130 1307 1191 dictum

217 1241 266 1296 est
281 1233 364 1311 (105,
378 1234 433 1311 4⁰),
451 1231 499 1292 vel
515 1231 740 1304 transcendens,
758 1238 789 1290 et
805 1229 959 1291 omnibus
981 1228 1078 1290 rebus
1093 1230 1306 1291 conveniens

217 1331 256 1394 Εἰ
272 1332 342 1393 lraec
367 1340 413 1391 est
435 1329 498 1390 alia
523 1328 737 1400 individualis,
755 1328 818 1389 alia
847 1327 1000 1406 formulis.
1020 1327 1134 1391 Utrum
1150 1337 1205 1389 aut
1220 1347 1307 1408 quo-

137 1470 140 1474 *
218 1429 317 1492 modo
336 1430 384 1487 nae
399 1426 550 1487 differant
563 1426 649 1486 inter
661 1443 705 1497 se,
719 1441 795 1487 mox
811 1423 1008 1487 videbimus.

210 1582 213 1587 ,
259 1529 291 1591 l⁰
306 1526 417 1589 Unitas
434 1523 659 1597 individualis,
677 1541 750 1603 quae
762 1531 794 1584 et
809 1523 942 1603 physica
959 1530 990 1583 et
1004 1522 1173 1585 numerica
1189 1524 1309 1588 latiore

217 1623 329 1686 saltem
346 1639 443 1684 sensu
468 1621 625 1703 appellari
643 1621 737 1694 solet,
755 1629 802 1681 est
829 1620 863 1681 in
890 1620 965 1692 hoc,
982 1621 1070 1702 quod
1097 1620 1310 1683 individuum

218 1722 399 1785 secundum
423 1738 493 1783 eam
523 1720 607 1781 entis
638 1720 879 1799 rationemque
895 1735 998 1780 unum
1014 1718 1149 1790 dicitur,
1167 1735 1233 1781 non
1263 1726 1308 1781 sit
1325 1792 1328 1797 ¹

218 1819 492 1883 communicabile
507 1818 632 1891 multis,
647 1827 803 1897 tanquam
817 1816 1033 1880 interioribus
1045 1819 1091 1895 (L.
1105 1816 1169 1893 35).

259 1917 352 1982 Unde
368 1916 576 1978 individuum
593 1916 750 1978 delinitur
768 1916 823 1978 :id
835 1916 917 1996 quod
935 1916 970 1977 in
990 1916 1085 1996 plura
1110 1917 1199 1990 talia,
1217 1919 1310 1998 quale

217 2021 318 2099 ipsunt
326 2018 485 2092 est,dioidi
495 2018 609 2097 nequit.
622 2019 681 2079 Per
691 2017 754 2078 hoc
770 2016 931 2079 individui
949 2016 1056 2078 unitas
1073 2004 1309 2081 universalium

220 2116 337 2178 unitati
355 2114 536 2195 opponitur
553 2131 561 2177 t
577 2121 689 2177 natura
705 2113 795 2176 enim
811 2114 1004 2176 universalis
1018 2116 1309 2178 communicabilis
1380 2176 1381 2189 ,

219 2223 267 2276 est
283 2211 448 2293 pluribus,
472 2221 501 2273 et
518 2211 676 2275 dividitur
691 2211 725 2272 in
741 2208 848 2291 plura,
866 2212 1029 2292 quietalis
1045 2222 1121 2275 sunt
1136 2214 1243 2293 qualis
1258 2221 1309 2275 ast

219 2313 301 2393 ipsa.
313 2312 351 2375 V.
365 2329 413 2391 gr.
432 2311 675 2390 hiceonceptus
694 2312 794 2387 tomo,
812 2319 858 2373 est
875 2310 989 2373 multis
1007 2311 1199 2375 hominibus
1215 2330 1308 2376 com·

217 2410 384 2483 munis,in
396 2426 537 2490 quorum
553 2410 693 2489 singulis
705 2419 770 2471 tota
789 2409 1027 2473 hominisratio
1039 2413 1202 2491 reperitur
1216 2428 1223 2475 τ
1239 2429 1307 2475 non

190 2537 194 2544 ·
218 2510 251 2569 in
270 2507 490 2580 individuum,
508 2507 597 2586 quod
614 2516 720 2587 potest
734 2510 847 2588 utique
860 2508 963 2570 dividi
981 2509 1014 2569 in
1028 2517 1135 2590 partes
1152 2503 1309 2573 ess'entia·

217 2605 265 2667 les
280 2614 334 2667 aut
347 2604 531 2683 integrales,
548 2622 613 2667 non
626 2621 702 2667 vero
719 2605 752 2665 in
769 2612 878 2685 partes
891 2604 1096 2687 subjectivas.

259 2703 292 2765 2⁰
307 2703 419 2767 Unitas
436 2702 584 2766 formalis
596 2721 653 2765 seu
667 2705 851 2766 essentialis
873 2713 920 2766 est
935 2705 1082 2767 indivisio
1095 2706 1193 2785 ipsius
1206 2726 1306 2770 meen-

219 2803 279 2876 lioe,
297 2819 416 2881 nempe
432 2805 463 2862 in
482 2802 592 2881 plures
616 2802 784 2865 essentias.
804 2803 982 2865 Praedicata
1005 2804 1094 2865 enim
1120 2807 1307 2866 essentialia

217 2899 264 2959 rei
282 2898 527 2973 determinate,
539 2900 601 2961 hoc
616 2899 688 2978 ipso
706 2899 794 2979 quod
814 2899 904 2962 illius
930 2900 976 2963 rei
994 2902 1169 2964 essentiam
1181 2905 1305 2966 consti-

211 3003 324 3069 tuunt,
338 3012 438 3077 unam
462 2995 667 3067 constituunt
683 2996 857 3059 essentiam
874 3015 940 3060 non
958 2999 1080 3077 plures.
1094 2998 1149 3061 Sic
1164 3003 1306 3065 essentia

219 3093 403 3157 hominist.
417 3110 465 3173 gr.
482 3111 520 3154 ex
535 3095 604 3155 suis
619 3095 838 3157 constitutivis
856 3113 919 3157 una
936 3096 1082 3171 resultat,
1100 3114 1167 3160 nou
1180 3098 1303 3179 plures.

257 3194 269 3219 *
286 3191 356 3255 106.
374 3192 554 3256 Paovosmo
564 3194 587 3256 1.
600 3183 707 3255 ‘Omne
719 3212 772 3257 ens
787 3188 867 3275 qvod
881 3194 986 3257 enistit
996 3195 1043 3256 osi
1057 3197 1185 3259 scisma
1193 3207 1302 3277 potest,

217 3291 437 3370 estsinqulcre.

259 3389 327 3449 Hoc
342 3389 464 3466 estjam
479 3389 740 3451 demonstratum
755 3390 788 3451 in
802 3391 917 3469 logica,
927 3390 983 3452 ubi
1000 3392 1195 3457 universalia
1210 3413 1305 3476 sepa-

216 3495 286 3549 rata
300 3495 332 3547 et
347 3484 571 3546 universaliaa
586 3496 681 3565 parte
691 3488 738 3548 rei
752 3488 926 3568 rejecimus
941 3489 986 3568 (L.
1000 3490 1162 3569 tat-ast).
1173 3494 1204 3557 Si
1221 3493 1304 3574 quid

217 3585 308 3647 enim
320 3585 483 3657 existeret,
498 3583 586 3663 quod
602 3585 769 3664 singulare
780 3603 847 3648 non
862 3598 957 3664 esset,
976 3589 1039 3651 hoc
1054 3589 1088 3650 in
1106 3591 1200 3671 plura
1214 3592 1304 3667 talia,

217 3683 315 3765 quale
330 3682 439 3762 ipsum
454 3689 513 3757 est,
531 3683 663 3744 realiter
678 3683 820 3746 divisum
847 3684 931 3748 toret
956 3688 1039 3765 (100,
1065 3690 1129 3766 l⁰);
1154 3690 1306 3754 videlicet

219 3790 303 3844 esset
333 3779 462 3842 realiter
490 3778 750 3844 universale-Si
773 3800 851 3863 ergo
877 3795 1049 3866 repugnat,
1080 3787 1204 3867 aliquid
1233 3774 1305 3851 ess'e

218 3878 350 3941 realiter
365 3876 559 3952 universale,
575 3888 735 3959 repugnat
749 3897 893 3963 quoque,
911 3882 1038 3964 aliquid
1054 3884 1220 3965 singulare
1236 3903 1307 3951 non

218 3996 301 4041 esse.
