2792 4600
447 403 535 449 ornan
556 405 699 464 eumuna,
723 406 814 452 carus
836 408 870 453 n.
1088 417 1092 424 ·
1145 387 1205 450 447

119 538 134 573 a
156 514 290 596 justitiae
305 517 389 579 Deus
405 516 510 581 lacere
525 536 594 582 nou
620 528 735 600 potest.
753 520 873 585 Cursus
889 532 998 587 autem
1020 530 1143 586 naturae
1155 529 1204 585 est

108 638 134 673 a
158 616 339 679 secundum
350 617 509 697 „ordinem
525 618 625 681 unius
641 630 796 682 creaturae
810 622 850 682 ad
863 623 959 685 aliam
975 626 1023 701 (t).
1043 645 1057 680 a

541 769 705 816 narremus
729 771 781 815 vn.

419 882 462 944 lle
483 883 704 947 miraculorum
718 884 901 965 cognitione.
961 967 964 972 Ι

92 1090 95 1094 7
156 1009 229 1074 466.
246 1010 287 1074 Ut
303 1009 465 1074 miracula
477 1032 573 1077 suum
589 1015 687 1078 finem
704 1024 930 1098 assequantur,
951 1015 1017 1078 duo
1032 1014 1073 1076 ab
1089 1016 1204 1077 homo·

114 1108 214 1180 nibus
242 1113 470 1189 cognoscenda
485 1123 583 1177 sunt:
601 1118 633 1179 10
656 1115 776 1178 lactum
792 1115 880 1196 quod
904 1122 1026 1179 naturae
1051 1114 1203 1177 ordinem

112 1210 268 1272 excedere
294 1209 438 1275 dicitur:
470 1214 503 1275 2⁰
520 1213 637 1276 lautum
655 1215 742 1276 idem
760 1233 883 1277 revera·
900 1224 1023 1276 naturae
1051 1214 1203 1276 ordinem

113 1310 283 1384 excedere,
301 1326 337 1371 ac
352 1310 502 1375 divinum
518 1314 648 1396 signum
665 1333 735 1376 esse
752 1313 846 1393 (tlt).

156 1410 305 1474 Primum
336 1412 536 1492 experientia
565 1432 721 1477 sensuum
748 1416 900 1494 cognosci
918 1423 1034 1495 potest,
1064 1422 1119 1475 aut
1145 1429 1203 1493 par

43 1505 45 1510 ’
112 1508 259 1573 alienum
277 1513 514 1587 testimonium,
529 1524 563 1575 ut
576 1513 703 1595 reliqua
719 1514 887 1577 sensibilia
905 1516 986 1576 lacta
1001 1529 1204 1593 cognoscun-

111 1619 190 1684 tur;
214 1629 319 1691 neque
339 1611 447 1674 solum
471 1612 697 1693 probabiliter,
712 1614 767 1677 sed
785 1615 882 1686 etiam
901 1632 975 1675 cum
992 1611 1201 1687 certitudine,

25 1722 28 1729 ·
111 1707 140 1768 si
170 1726 206 1770 ea
232 1710 429 1789 quaecritica
445 1712 595 1791 requirit,
628 1732 694 1775 non
716 1714 835 1776 desint.
852 1715 968 1776 Debeo
989 1730 1024 1772 re
1045 1710 1079 1772 iu
1099 1710 1204 1791 logica

109 1807 190 1869 satis
206 1808 392 1871 dictumest
409 1809 454 1888 (b.
471 1810 543 1884 658,
558 1811 609 1887 60;
626 1811 698 1887 doe,
716 1814 810 1892 seq.).

154 1906 247 1969 Nunc
263 1909 490 1972 tantummodo
499 1910 648 1990 quaedam
661 1909 866 1990 subjicienda
879 1908 1002 1971 suntde
1015 1906 1204 1987 cognitione

111 2006 225 2082 altera,
248 2027 320 2088 quae
337 2007 503 2070 diffieilior
523 2019 581 2084 est,
605 2021 636 2070 et
653 2008 765 2071 dubiis
786 2007 984 2089 quandoque
1002 2023 1069 2069 non
1092 2003 1204 2086 paucis

116 2106 288 2186 impedita.

157 2201 230 2267 466.
255 2206 438 2271 Pnorostrto
460 2201 543 2267 Vlll.
568 2203 621 2266 liu
662 2204 902 2266 consideratione
938 2202 1015 2284 facti
1052 2199 1204 2264 mirabilis

110 2322 180 2365 nno
207 2322 276 2364 cum
307 2303 438 2384 ejusdem
463 2303 628 2386 adjunctis,
659 2305 801 2387 cognosci
819 2311 926 2385 potest,
961 2309 994 2365 ut
1019 2301 1202 2384 plurimum,

110 2412 217 2465 utrum
232 2403 311 2465 illud
319 2405 358 2465 sit
369 2406 493 2486 signum
504 2405 658 2479 divinum,
670 2422 800 2469 onnon:
812 2421 983 2485 qnnmvero
998 2402 1053 2463 ltoc
1064 2398 1204 2480 cognomi

111 2513 193 2564 certo
207 2502 323 2582 nequit,
340 2503 369 2563 si
389 2504 535 2584 ejusmodi
548 2502 665 2582 foetum
683 2503 807 2584 siquam
822 2501 965 2564 diuinum
979 2517 1043 2562 non
1063 2505 1117 2572 est,
1129 2517 1204 2559 sem-

108 2619 166 2680 per
180 2601 299 2663 indicio
309 2610 475 2682 suppetunt
489 2603 531 2664 od
544 2602 747 2664 dubitandum
761 2602 795 2662 de
809 2600 873 2682 ejus
887 2599 1019 2679 origine.

156 2697 192 2761 ln
219 2686 434 2762 estimatione
459 2700 533 2763 lacti
550 2700 714 2763 mirabilis
732 2701 801 2761 baec
816 2698 917 2760 dubia
944 2716 1014 2761 esse
1040 2707 1200 2777 possunt:

113 2800 147 2863 1⁰
158 2815 197 2859 au
211 2797 294 2859 illud
312 2798 354 2859 sit
370 2817 407 2860 ex
421 2799 558 2862 occultis
574 2810 697 2861 naturae
713 2815 879 2878 corporeae
893 2795 1037 2857 viribus:
1051 2793 1087 2856 2⁰
1102 2811 1141 2856 an
1161 2795 1203 2856 sit

107 2916 151 2962 eu
168 2896 313 2958 bominis
329 2907 395 2959 arte
411 2898 459 2960 vel
478 2895 590 2959 lraude
607 2917 615 2962 :
633 2899 666 2959 3⁰
684 2916 724 2959 an
742 2897 816 2958 sita
838 2895 937 2970 bono,
962 2894 1009 2956 vel
1032 2894 1117 2957 malo
1133 2894 1198 2974 spi-

111 2998 178 3059 ritu
200 3013 258 3078 per
281 2996 415 3059 modum
431 2996 521 3074 artis,
540 3008 594 3058 ant
613 2997 792 3078 praestigii:
812 2995 845 3057 40
861 3014 901 3057 an
919 3005 1051 3074 superet
1067 3011 1201 3075 prorsus

110 3096 197 3158 vires
225 3094 326 3158 totius
342 3105 464 3158 naturae
479 3107 605 3159 creatae.
620 3096 664 3158 De
688 3094 828 3175 singulis
843 3094 971 3176 aliquid
987 3111 994 3156 :
1018 3093 1200 3174 pleniorem

111 3192 202 3280 enim
232 3195 273 3255 de
288 3193 340 3255 his
357 3193 506 3256 notitiam
519 3195 604 3275 apud
620 3193 808 3275 christianas
821 3192 992 3273 religionis
1015 3190 1200 3271 apologetas

111 3282 234 3372 passim
252 3292 407 3371 reperies.

10 3392 11 3415 ³
100 3430 102 3433 -
152 3387 225 3451 tot.
243 3389 275 3450 l⁰
290 3389 390 3450 Potest
410 3390 552 3471 cognosci
566 3388 683 3470 facturn
697 3388 837 3451 mirabile
857 3406 921 3450 non
937 3407 997 3449 esse
1010 3407 1087 3469 opus
1100 3387 1200 3450 occul-

112 3499 216 3552 torum
229 3488 644 3570 uiriumnoturoeoorporeoe.
762 3474 767 3485 ’

153 3586 189 3649 ln
206 3587 295 3649 bunc
311 3587 409 3649 finem
428 3587 687 3651 considerandus
706 3597 752 3648 est
768 3586 901 3648 effectus
919 3587 952 3647 iu
971 3604 1015 3661 se,
1034 3601 1064 3647 et
1093 3585 1202 3666 subje-

102 3694 199 3759 ctum
216 3684 329 3766 inquo
346 3684 393 3759 fit,
407 3696 439 3747 et
453 3686 569 3750 modus
587 3704 653 3767 quo
668 3684 715 3748 fit.
742 3683 867 3749 Deinde
891 3684 1082 3761 ridendum,
1097 3701 1136 3745 an
1169 3686 1202 3745 in

112 3781 185 3862 ipso
200 3782 347 3862 subjecto
359 3785 425 3844 sint
439 3783 642 3857 naturaliter,
667 3791 723 3846 aut
739 3783 865 3865 possint
881 3800 950 3845 esse
970 3784 1054 3844 vires
1076 3781 1203 3845 idoneae

78 3928 80 3931 .
112 3880 150 3940 ad
180 3881 340 3961 ejusmodi
358 3882 508 3945 effectum
526 3883 581 3944 tali
599 3883 698 3945 modo
714 3882 939 3956 efficiendum;
955 3880 1134 3943 tumeliam
1162 3898 1202 3941 an

113 3979 162 4042 bae
187 3981 272 4042 vires
286 3981 351 4044 sint
367 3983 400 4043 in
417 3982 612 4064 corporibus
628 3981 928 4057 circumstantibus,
946 3998 983 4043 ac
999 3980 1139 4043 maxime
1168 3981 1203 4042 ln

140 4110 171 4166 tlt
182 4109 244 4158 lbid.
255 4109 286 4157 ad
297 4112 319 4158 5.
