2792 4600
159 307 161 312 ⁴
184 305 225 370 ’16
652 321 825 369 onrouoem.

182 439 319 502 notione
332 436 475 518 generali
490 445 521 500 et
537 435 791 500 indeterminata
806 438 885 499 entis
908 454 964 517 per
977 448 1026 512 te,
1036 435 1090 499 eui
1117 434 1277 499 determi·
1386 475 1387 506 3

178 545 264 601 natae
290 535 462 616 qualitates
483 535 656 610 inhaerent,
673 543 706 598 et
733 553 772 597 ex
795 552 861 614 quo
882 533 963 597 oerti
989 533 1124 615 quidam
1141 533 1278 617 effeetus

181 634 365 697 dimanant.
982 716 985 721 -
1031 632 1036 639 ’
1386 619 1387 626 '

222 730 234 755 ”
249 731 282 793 2⁰
297 730 402 795 Seosu
416 730 623 812 apprehendi
639 742 789 794 externas
804 729 913 792 solum
929 729 1130 804 affectiones,
1147 747 1215 793 non
1229 738 1275 791 ta·

183 847 258 892 men
274 830 450 892 abstractas
462 829 518 893 sed
532 839 719 905 concretam
733 827 881 909 adeoque
896 837 928 890 et
941 827 1045 909 ipsam
1058 828 1276 891 substantiam

181 928 317 1010 attingi3
334 946 402 993 non
424 927 502 1008 quia
517 929 623 1009 ipsam
646 929 810 990 rationem
832 927 1066 1008 entitatemque
1082 926 1278 990 substantiae

182 1026 366 1090 ullomodo
396 1042 510 1087 sensus
533 1024 706 1106 pereipiat,
724 1025 781 1086 sed
810 1024 889 1103 quia
917 1033 1065 1086 externas
1085 1024 1275 1088 affectiones

184 1122 324 1205 percipit
338 1121 373 1184 in
392 1131 546 1185 concreto
563 1108 660 1202 prout
686 1120 720 1182 in
737 1138 772 1183 re
787 1128 960 1198 sunt,·non
975 1120 1163 1184 albedinem
1178 1139 1207 1185 v.
1223 1138 1275 1202 pr.

182 1222 241 1284 sed
257 1221 388 1296 album3
404 1235 592 1300 quanquam
605 1217 794 1280 affectiones
810 1235 869 1298 per
883 1236 918 1280 se
932 1218 998 1283 sint
1013 1236 1170 1281 sensuum
1185 1218 1275 1297 obje-

183 1328 290 1392 otum,
322 1335 360 1380 ao
381 1315 559 1380 substantia
594 1334 658 1397 per*
680 1314 832 1379 accidens
859 1315 905 1394 (L.
935 1314 1020 1395 461).
1055 1316 1091 1380 ln
1121 1317 1275 1380 eumdem

184 1418 320 1482 modum
330 1415 590 1479 intellectusnon
604 1414 758 1496 intelligit
767 1415 875 1496 primo
887 1415 1092 1479 affectionem
1101 1416 1276 1479 asubstan-

183 1515 227 1577 tia
243 1515 450 1589 abstractam,
468 1522 523 1577 aut
542 1514 758 1577 substantiam
775 1515 945 1596 praeeisam
960 1514 1001 1577 ab
1016 1515 1198 1591 affectione,
1215 1515 1275 1579 sed

183 1631 242 1694 per
257 1613 393 1678 modum
408 1613 507 1676 unius
530 1612 663 1694 objecti,
681 1612 833 1676 accidens
856 1614 890 1677 in
907 1613 1073 1695 subjeoto;
1091 1631 1151 1677 neo
1165 1622 1276 1676 tamen

180 1711 334 1775 accidens
349 1712 411 1787 sub
433 1712 562 1775 ratione
576 1711 709 1776 formali
729 1712 921 1789 aooidentis,
938 1730 1000 1776 neo
1014 1712 1196 1792 subiectum
1211 1711 1277 1775 sub

181 1810 308 1874 ratione
331 1809 461 1873 formali
485 1810 637 1889 subJ'eeti,
666 1811 721 1872 sed
746 1818 924 1892 utrumque
952 1810 1053 1873 simul
1069 1810 1131 1874 sub
1146 1811 1276 1874 ratione

181 1909 267 1972 entis
280 1910 342 1973 hoo
360 1919 415 1973 aut
431 1910 491 1973 itto
507 1910 607 1973 modo
623 1909 801 1972 sensibilis.
818 1908 984 1972 Formales
1006 1926 1082 1973 vero
1098 1909 1181 1971 ideae
1195 1909 1276 1971 sub·
1363 1933 1366 1939 ·

181 2007 1277 2090 stantiaeetaecidentiscomparationeetdeduetioneposteauoqui·

180 2114 313 2170 runtur.

221 2206 253 2269 5⁰
282 2205 365 2269 Hinc
399 2204 481 2267 idem
509 2204 718 2269 affectionum
754 2212 981 2268 concretarum
1010 2211 1086 2267 sunt
1114 2204 1276 2269 intuitivae
1323 2215 1333 2230 '

180 2304 228 2384 (L.
244 2307 315 2385 dd),
332 2305 481 2386 adeoque
507 2305 764 2369 substantiarum
790 2305 873 2367 ideae
899 2304 1011 2376 utsub
1037 2306 1275 2387 experientiam

179 2402 301 2465 eadunt
315 2411 391 2467 sunt
413 2412 445 2466 et
460 2404 539 2485 ipsae
560 2403 732 2480 inmitium,
749 2420 816 2467 non
842 2401 979 2483 quidem
1001 2405 1078 2484 quia
1093 2402 1276 2466 substantia

178 2502 214 2565 in
237 2520 272 2564 se
294 2503 337 2565 sit
359 2502 547 2565 intuitionis
562 2501 741 2584 objectum,
757 2502 815 2565 sed
839 2501 918 2584 quia
939 2501 1120 2564 substantia
1149 2501 1184 2563 in
1203 2502 1274 2567 suis

178 2599 409 2664 affectionibus
424 2619 460 2664 se
484 2601 677 2664 intuendam
707 2602 830 2683 praebet
845 2601 946 2683 (quod
973 2610 1097 2666 veteres
1118 2601 1274 2664 dicebant

63 2783 68 2791 ¹
179 2718 251 2763 esse
279 2701 447 2764 intuitivas
475 2702 713 2777 denominative,
744 2718 811 2765 non
840 2701 1073 2783 quidds‘tetioe);
1101 2699 1165 2781 ipsi
1195 2719 1273 2765 vero

178 2808 357 2881 conceptus
366 2799 624 2863 substantiarum
635 2799 871 2863 abstractarum
885 2817 950 2865 non
959 2799 1104 2865 intuitivi
1116 2808 1205 2877 sunt,
1214 2800 1271 2864 sed

178 2898 295 2961 factitii
312 2916 370 2979 per
385 2897 616 2961 deductionem
633 2900 680 2974 tt..
698 2898 761 2981 22).

633 3061 796 3109 terrentes
819 3061 865 3109 ιιι.

282 3157 388 3222 Loette's'
408 3161 443 3222 de
463 3158 640 3223 substantie
661 3166 808 3242 conceptu
829 3159 976 3223 sententie
996 3158 1166 3240 refutatur.

221 3290 291 3355 155.
314 3290 490 3355 Contendit
518 3290 671 3366 Lookius,
688 3300 719 3354 et
745 3299 820 3373 post
848 3291 958 3373 ipsum
986 3292 1093 3356 ceteri
1109 3294 1271 3371 sensisse,

177 3387 271 3452 omni
287 3405 346 3451 nos
362 3387 551 3451 substantiae
568 3388 642 3452 idea
654 3406 767 3452 oerore
783 3407 792 3453 :
808 3407 902 3453 voees
928 3399 1037 3455 autern
1052 3392 1176 3473 quibus
1190 3395 1272 3456 snb·

174 3488 312 3551 stantius
328 3484 562 3565 significamus,
581 3487 665 3550 nihil
687 3487 777 3550 aliud
801 3488 996 3569 exprimere,
1013 3508 1112 3572 quam
1127 3491 1272 3572 qualita-
1287 3487 1308 3520 ‘

177 3596 248 3649 tum
270 3583 486 3666 quarumdem
506 3584 627 3665 quibus
641 3592 829 3649 constanter
853 3586 950 3651 simul
973 3587 1135 3652 afficimur
1148 3607 1271 3671 conge·

176 3684 279 3760 riem;
295 3682 336 3745 de
352 3680 474 3763 quibus
489 3682 702 3763 qualitatibus
717 3688 872 3765 tanquam
888 3685 929 3749 de
951 3703 987 3748 re
1003 3703 1069 3749 una
1084 3687 1269 3768 loquimur,
1325 3745 1330 3752 .

174 3783 254 3863 quia
269 3798 456 3864 supponere
471 3782 627 3858 solemus,
645 3799 699 3845 eas
715 3783 828 3864 ignoto
852 3784 966 3867 aliquo
989 3786 1153 3852 substrato
1167 3787 1269 3851 susti·

172 3879 260 3957 neri,
278 3879 312 3941 in
328 3896 434 3960 eoque
449 3877 639 3942 subsistere.
656 3879 703 3943 lta
718 3880 788 3962 ipse
804 3882 853 3960 (ι).

204 3995 236 4053 tt)
246 3993 279 4039 De
290 3990 366 4039 intell.
377 3991 441 4039 bum.
451 3991 504 4041 tin.
515 3991 546 4040 11.
557 4004 578 4041 o.
591 3993 681 4043 1111111.
