2792 4600
202 386 241 447 li
484 398 488 405 ¹
653 401 826 446 euronotus.

199 535 229 579 v.
252 533 300 595 gr.
325 515 365 576 de
388 522 490 577 statua
514 514 693 595 cogitamus
724 513 912 594 ignorantes
939 514 1150 593 sculptorem‚
1175 521 1230 574 aut
1251 512 1292 574 de

198 614 369 690 creaturis,
387 614 468 694 quin
497 614 537 676 de
563 622 711 677 creatore
739 613 933 693 cogitemus.
959 614 1026 676 lloc
1055 622 1163 674 autem
1184 610 1290 674 solum

118 791 122 799 Ι
198 712 342 775 ostendit
355 712 496 776 alterum
525 729 747 776 connexorum
779 729 874 791 posse
903 710 999 772 aliter
1021 709 1174 790 cognosci
1193 727 1289 790 qnam

98 872 99 875 ,
197 828 256 891 par
271 811 479 888 relationem,
497 811 595 892 quain
613 810 712 872 habet
736 809 776 870 ad
793 808 949 883 alterum;
970 826 1035 870 non
1060 807 1289 871 vercellarum

196 928 271 972 cnm
288 910 391 973 altero
405 927 592 974 connexum
608 926 674 971 non
686 927 769 984 esse,
786 916 841 970 aut
856 907 1019 987 ejusmodi
1037 907 1288 982 connexionem,

196 1009 425 1073 ratiocinando
441 1010 568 1083 saltem,
583 1008 736 1085 cognosci
750 1025 815 1070 non
830 1025 937 1087 posse.
955 1007 1044 1067 l‘alia
1060 1014 1138 1068 sunt
1150 1005 1290 1085 possihi³
1387 1036 1388 1043 ι

196 1105 253 1182 lia,
271 1125 344 1188 quae
358 1125 376 1168 a
392 1107 488 1172 nohis
517 1110 760 1187 cognoscuntur
785 1123 850 1168 non
868 1105 902 1167 in
919 1105 1003 1167 ideis
1019 1104 1076 1167 Dei
1093 1103 1288 1184 archetypis,

195 1206 254 1268 sed
271 1207 306 1268 in
322 1206 420 1270 rebus
432 1207 646 1269 existentibus
663 1223 671 1269 ε
686 1214 717 1267 et
729 1205 951 1268 nihilominus
966 1221 1081 1267 eorum
1097 1202 1290 1282 intelligibi-

197 1305 272 1369 litas
287 1324 305 1368 a
321 1307 431 1368 divina
457 1307 596 1369 essentia
626 1306 778 1368 ultimate
801 1307 970 1369 dimanare
991 1304 1218 1368 ratiocinando
1234 1304 1290 1366 de·

198 1406 430 1485 prehenditur.

238 1504 330 1567 Unde
344 1506 415 1566 dist.
432 1522 515 1566 coos.
534 1504 740 1569 possibilitas
756 1521 823 1566 non
844 1502 963 1583 pendet
979 1502 1021 1565 ab
1037 1503 1176 1566 essentia
1192 1510 1224 1565 et
1239 1503 1289 1563 in·

195 1602 328 1665 tellect'u
345 1603 470 1679 divino,
489 1604 523 1665 in
547 1622 582 1667 se
597 1614 629 1666 et
644 1604 807 1679 ultimate,
825 1621 919 1684 neno.-
945 1603 1049 1683 quoad
1067 1603 1289 1683 cognitionem

195 1711 354 1777 nostram,
367 1703 472 1777 subd.,·
485 1703 684 1777 immediate,
701 1721 806 1777 conc.;
821 1701 973 1776 mediate,
989 1721 1065 1783 nequ
1081 1703 1143 1780 (86,
1161 1702 1217 1780 5⁰).

236 1800 288 1864 88.
314 1799 373 1865 Ob.
394 1801 435 1865 ll.
453 1802 488 1863 ln
514 1804 574 1864 hac
590 1804 750 1865 sententia
775 1805 806 1865 l⁰
828 1802 967 1864 essentia
983 1802 1092 1864 divina
1107 1802 1289 1863 contineret

196 1899 352 1961 essentias
380 1917 507 1976 omnes,
524 1901 573 1961 vel
590 1900 754 1963 saltemlt⁰
769 1918 820 1961 res
847 1917 972 1974 omnes,
992 1918 1095 1981 quum
1118 1899 1201 1961 liunt
1220 1900 1288 1961 exi-
1387 1968 1388 1977 ἵ

194 2005 330 2073 stantes,
348 2016 365 2059 e
381 1998 492 2060 diviua
508 1998 727 2061 educerentur
747 1998 898 2060 essentia.
916 1996 996 2060 Nam
1013 2016 1114 2078 quum
1131 2016 1184 2058 res
1207 1997 1289 2059 fiunt
1387 1998 1388 2039 l

195 2094 380 2170 existentes,
399 2096 573 2176 possibilia
588 2097 657 2176 ipsa
675 2095 881 2159 existentiam
898 2096 1098 2176 acquirunt:
1116 2095 1289 2175 possibilia
1387 2142 1388 2145 ,

194 2201 302 2256 antem
318 2195 444 2256 suntin
461 2194 570 2257 divina
586 2196 738 2259 essentia.
754 2195 824 2258 lam
840 2196 909 2257 haec
922 2198 1033 2258 omnia
1045 2195 1186 2258 absurda
1198 2204 1286 2258 sunt·

194 2289 292 2372 llrgo.

189 2439 192 2443 a
235 2379 333 2470 Rasin.
347 2391 399 2455 ad.
412 2393 453 2453 ‘lm
469 2390 545 2453 [list.
559 2392 714 2468 idealiter,
724 2412 814 2473 arcy„⁴
828 2402 982 2473 tanquam
996 2391 1265 2473 exemplar,sul›d.
1273 2417 1285 2466 ;

192 2497 349 2568 tanquam
365 2491 532 2570 exentplar
552 2491 684 2553 virtuale
700 2500 730 2554 et
748 2492 895 2568 radicale,
913 2510 997 2554 conc.
1012 2516 1022 2565 ‚·
1036 2489 1183 2574 sorceclc,
1197 2510 1284 2571 oeno.

191 2587 343 2650 Formale
355 2585 444 2650 enim
461 2606 570 2651 rerum
587 2590 755 2670 exemplar
770 2591 958 2653 continetur
972 2590 1055 2652 ideis
1071 2590 1174 2652 divini
1193 2590 1286 2651 intel·
1338 2642 1341 2646 ,

191 2684 311 2760 lectus;
336 2704 395 2746 nec
425 2685 569 2765 prolecto
596 2686 637 2747 iis
666 2688 856 2750 continetur
884 2688 1067 2750 secundum
1090 2688 1284 2761 realitatem‚

191 2784 227 2844 ut
251 2782 294 2844 ita
317 2782 436 2855 dicam,
454 2784 666 2865 subjectivum
694 2787 884 2850 idearum
876 2806 1034 2879 ipsarum,
1059 2807 1131 2867 quae
1154 2788 1285 2850 realitas

190 2879 279 2942 idem
295 2891 342 2942 est
357 2901 394 2943 ac
413 2882 523 2945 divina
539 2886 689 2960 essentia,
712 2886 768 2948 sed
785 2886 967 2949 secundum
984 2888 1162 2948 terminum
1183 2904 1284 2967 quem

192 2979 273 3040 ideae
288 2989 521 3061 repraesentant
537 2985 612 3060 (85)

231 3078 336 3142 Adim
352 3079 430 3143 Dist.
456 3083 621 3156 Quatenus
646 3094 799 3146 creantur
825 3073 861 3146 in
884 3084 1136 3148 similitudinem
1163 3084 1285 3146 divinae

188 3178 337 3265 essentiae
360 3179 498 3258 cognitae
520 3181 560 3243 ab
591 3182 771 3257 intellectu,
797 3192 832 3245 ut
856 3191 903 3245 est
926 3183 1098 3245 imitabilis
1120 3195 1209 3245 extra
1234 3202 1282 3257 se,

187 3293 293 3349 conc.;
308 3290 468 3356 quatenus
480 3279 606 3359 aliquid
623 3297 733 3342 rerum
751 3299 788 3342 ex
802 3280 912 3342 divina
928 3281 999 3361 ipsa
1011 3281 1150 3343 essentia
1163 3282 1283 3344 educe-

191 3380 294 3447 retur,
309 3391 396 3453 neno.

228 3467 276 3530 Ad
293 3477 353 3531 rat.
371 3471 447 3535 add.
466 3471 544 3536 Dist.
558 3474 634 3554 maj.
649 3475 718 3537 Hoc
736 3491 833 3536 sensu
851 3474 939 3553 quod
959 3491 1011 3536 res
1027 3474 1104 3536 fiant
1118 3476 1158 3538 ad
1179 3478 1284 3538 instar

188 3566 410 3653 possibilium,
427 3586 530 3643 conc,
551 3570 638 3649 quod
662 3570 865 3651 possibilitas
882 3572 952 3651 ipsa
973 3573 1015 3633 sit
1036 3575 1127 3654 quasi
1144 3576 1281 3638 materia

189 3680 226 3723 ex
242 3680 306 3743 qua
321 3681 373 3725 res
388 3663 585 3740 formantur,
602 3686 689 3748 aequ.

226 3758 278 3822 89.
303 3758 362 3823 Ob.
381 3760 437 3823 lll.
459 3759 580 3834 Saltem
596 3782 634 3825 er
651 3766 712 3826 hac
724 3763 885 3827 sententia
903 3764 971 3827 haec
987 3766 1052 3845 duo
1069 3786 1281 3850 consequun-

185 3863 239 3921 tur
255 3860 310 3922 :1⁰
327 3860 428 3923 Deum
444 3877 642 3940 cognoscere
659 3881 718 3943 per
732 3862 986 3926 abstractionem
1004 3883 1011 3929 :
1030 3868 1062 3929 2⁰
1077 3869 1194 3930 esseio
1211 3869 1280 3933 Deo

185 3955 297 4035 plures
309 3957 409 4035 ideas.
427 3957 489 4022 Sed
509 3958 652 4038 primum
670 3961 726 4023 Dei
742 3959 1101 4042 perfectioni,alterum
1114 3966 1281 4046 simplici·

184 4055 242 4117 tati
258 4056 456 4121 adversatur.
475 4060 571 4139 Ergo.
