2792 4600
182 348 244 411 130
636 368 807 415 onrouoen.

180 480 255 541 aliae
290 486 407 560 praesto
430 497 500 542 esse
522 493 661 561 queant;
698 483 845 563 quaedam
881 500 957 545 vero
990 482 1138 566 suppleri
1163 482 1270 546 nulla·

180 589 278 640 tenus
295 588 430 658 possunt
448 596 453 641 :
469 592 500 642 et
516 580 566 642 lrae
591 581 747 644 dicuntur
762 581 969 644 conditiones
996 583 1062 643 sinc
1073 583 1181 663 quibus
1193 602 1268 659 non,

181 677 204 737 i.
219 694 247 738 e.
267 674 337 737 sine
352 677 475 757 quibus
499 695 594 739 causa
608 679 795 740 nullatenus
812 678 886 759 agit.
906 678 951 740 lta
973 699 1004 740 v.
1020 697 1068 760 gr.
1087 679 1166 742 boni
1184 682 1268 743 ratio

181 774 216 835 in
231 774 343 855 aliquo
359 775 487 857 objecto
503 777 645 857 cognita,
664 787 709 839 est
724 777 871 841 conditio
884 778 955 840 sine
968 797 1033 859 qua
1047 795 1114 841 uon
1133 779 1198 860 agit
1212 797 1267 842 vo-

180 872 301 936 luntas.

183 1036 186 1041 .
222 972 338 1038 idda
364 992 459 1037 causa
486 973 645 1038 efficiente
678 985 709 1037 et
746 975 936 1040 conditione
965 976 1194 1057 distinguenda
1220 983 1270 1038 est

176 1075 313 1137 occasio:
328 1093 400 1154 qnae
416 1075 508 1136 estid
532 1093 619 1136 omne
630 1077 671 1137 od
688 1074 777 1156 cujus
787 1076 984 1156 presentiam
1004 1076 1122 1157 aliquid
1133 1073 1180 1156 fit.
1199 1074 1268 1136 Dii·

179 1171 251 1248 lcrt,
273 1175 450 1255 inquam‚a
476 1191 571 1236 eausa
598 1174 776 1251 efficiente;
801 1174 878 1255 quia
893 1173 934 1236 ab
956 1175 1139 1243 occasionis
1154 1174 1267 1235 activi-

157 1278 244 1332 ·tate
266 1271 398 1334 effectus
421 1271 625 1333 existentiam
648 1289 715 1334 non
733 1272 862 1352 recipit.
882 1268 995 1335 Differt
1023 1272 1265 1348 aconditinne;

176 1356 255 1450 quia
272 1369 400 1431 occasio
414 1388 470 1450 per
482 1389 516 1432 se
532 1388 597 1431 non
615 1371 796 1451 requiritur
809 1371 848 1432 ad
863 1371 926 1434 boc
938 1379 973 1434 ut
988 1389 1083 1434 causa
1096 1376 1266 1452 agat‚³pos·

175 1476 228 1545 set
241 1467 329 1529 enim
346 1486 441 1549 agere
463 1460 533 1532 sine
557 1469 625 1534 illa.
640 1469 873 1550 Saepenumero
895 1478 1001 1534 tamen
1019 1470 1147 1533 occasio
1162 1470 1267 1532 allicit

174 1567 335 1631 etinvitat
357 1587 487 1631 causam
510 1569 705 1631 efficientem
728 1569 769 1632 ad
791 1569 966 1650 agendum,
983 1570 1033 1632 vel
1049 1570 1089 1633 ad
1103 1569 1265 1651 agendum

175 1668 241 1730 hoc
255 1675 401 1748 tempore
418 1666 639 1748 potiusquam
656 1668 734 1742 alio,
752 1677 912 1748 quatenus
927 1668 975 1730 vel
993 1668 1091 1730 linem
1104 1669 1263 1748 operandi

175 1767 332 1848 proponit
354 1766 475 1846 agenti,
499 1765 548 1826 vel
572 1764 756 1828 faciliorem
773 1765 905 1845 exhibet
928 1765 997 1848 eius
1012 1769 1261 1847 assecutionem.

172 1863 222 1927 lta
237 1883 266 1926 v.
284 1882 332 1945 gr.
346 1863 490 1926 tenebrae
509 1873 585 1927 sunt
597 1865 726 1929 occasio
739 1864 779 1926 ad
793 1864 1029 1927 meditandum.
1049 1866 1134 1927 etad
1152 1865 1262 1928 suran-

172 1962 267 2027 dum.

215 2060 478 2127 adamussim
495 2061 706 2124 efficientium
735 2062 846 2125 multae
870 2062 1021 2125 feruntur
1041 2063 1232 2143 partitiones
1250 2082 1258 2139 ;

170 2179 213 2225 en
232 2160 291 2223 tibi
307 2160 487 2241 praecipuas
504 2178 516 2243 ,τ

215 2260 247 2323 l⁰
260 2257 360 2321 Causa
372 2258 477 2339 primo
489 2266 521 2319 et
536 2276 631 2321 causa
647 2258 792 2323 seeundo.
810 2258 910 2322 Causa
938 2258 1044 2341 prima
1070 2267 1118 2321 est
1133 2276 1205 2340 quae
1221 2259 1262 2321 ab

169 2357 236 2419 alia
254 2374 320 2419 non
337 2356 469 2437 pendet,
486 2365 516 2419 et
540 2374 637 2437 aqua
654 2366 776 2420 caeterae
802 2375 917 2421 omnes
942 2357 1140 2439 dependent.
1160 2357 1262 2420 Causa

170 2455 317 2520 secunda
332 2465 379 2518 est
391 2475 464 2537 quae
481 2456 633 2536 pendete
649 2457 767 2537 prima.
807 2531 812 2554 ι

213 2553 248 2617 2⁰
259 2557 360 2620 Causa
374 2570 515 2636 peraret
530 2573 624 2618 eausa
637 2575 694 2637 per
713 2557 863 2621 occidam.
878 2555 978 2618 Causa
999 2573 1053 2635 per
1075 2573 1110 2622 se
1125 2564 1173 2618 est
1188 2575 1261 2637 quae

169 2653 238 2734 agit
255 2653 287 2714 id
301 2671 367 2733 quo
383 2654 523 2717 naturali
537 2654 758 2717 destinatione
771 2654 1006 2735 dirigitur,'aut
1019 2652 1107 2734 quod
1125 2653 1265 2735 ipsamet

169 2770 266 2834 agere
286 2750 500 2816 intenditsol
514 2770 598 2832 ugr.
609 2770 718 2815 ceram
726 2752 902 2815 emolliens
915 2761 945 2813 et
960 2752 1065 2814 lutum
1080 2751 1261 2830 obdurans,

172 2853 275 2916 homo
302 2852 379 2914 item
402 2853 459 2932 qui
491 2853 673 2915 voluntarie
688 2853 860 2916 hominem
887 2851 1051 2926 interficit,
1067 2861 1144 2915 sunt
1158 2870 1263 2915 causae

171 2969 232 3034 per
244 2970 291 3012 se.
309 2950 409 3012 Causa
425 2968 484 3031 per
500 2951 649 3014 accidens
676 2960 724 3013 est
737 2968 834 3031 agens
848 2950 881 3012 in
895 2951 988 3030 cuius
1004 2950 1117 3013 effectu
1134 2950 1261 3032 aliquid

170 3059 291 3133 preter
305 3049 375 3129 ejus
393 3050 609 3113 intentionem
626 3050 849 3132 conjungitur,
868 3049 1007 3113 maxime
1023 3048 1048 3113 si
1067 3048 1100 3110 id
1117 3067 1192 3111 cum
1208 3067 1262 3112 ac·

170 3148 262 3211 tione
278 3165 344 3210 non
362 3146 403 3210 sit
419 3148 604 3212 necessario
616 3166 819 3224 connexum3
837 3155 871 3210 ut
883 3165 985 3229 quum
1001 3146 1129 3211 fodiens
1141 3155 1262 3210 terram

169 3247 362 3311 thesaurum
379 3246 513 3310 invenit.

213 3345 247 3405 5⁰
263 3344 449 3427 Principalis
459 3354 667 3425 nuncupatur
682 3363 778 3408 causa
787 3344 931 3408 efficiens
943 3363 1031 3425 aqua
1044 3344 1176 3407 effectus
1192 3344 1262 3427 pri·

170 3442 276 3505 mario
292 3442 466 3522 dependet,
483 3451 518 3505 ut
529 3450 577 3504 est
588 3443 747 3524 scriptor;
765 3443 1009 3506 instrumentalis
1021 3461 1094 3523 quae
1106 3461 1123 3505 a
1135 3442 1263 3523 princi·
1318 3496 1321 3499 Δ

169 3542 237 3625 pali
256 3551 403 3603 movetur
414 3558 451 3602 ac
466 3540 602 3621 regitur,
616 3551 653 3602 ut
668 3550 714 3603 est
727 3541 883 3604 calamus.

112 3686 115 3693 .
211 3638 434 3701 &Necessario
455 3639 579 3700 dicitur
594 3659 677 3719 quae,
695 3640 813 3721 positis
842 3638 997 3703 omnibus
1013 3657 1085 3719 quae
1101 3639 1140 3699 ad
1163 3658 1263 3720 agen·

170 3739 251 3801 dum
276 3738 507 3818 requiruntur,
526 3756 591 3800 non
619 3749 726 3819 potest
753 3757 818 3802 non
850 3723 959 3819 apere3
989 3738 1082 3800 libero
1107 3756 1180 3819 que
1209 3756 1262 3801 se-

168 3855 239 3900 cus.
678 3911 682 3920 Ι

212 3936 245 3995 5⁰
261 3934 361 3996 Causa
375 3936 548 4015 adaquato,
566 3954 638 4016 quae
655 3954 714 4017 per
729 3955 763 3999 se
776 3953 834 4018 par
847 3944 893 3996 est
909 3934 1037 3996 effectui
1056 3933 1262 4015 praestand03

172 4035 385 4114 inadequoto,
418 4053 490 4115 quae
515 4034 652 4097 aliarum
685 4023 811 4117 indiget
836 4034 958 4097 auritio
983 4050 1167 4096 causarum.
1185 4032 1265 4107 Quae
