2792 4600
189 325 229 389 26
271 381 274 387 .
504 318 506 321 ’
654 341 825 390 ourauocn.

188 469 287 541 biles:
300 470 500 551 possibilitas
510 471 601 535 enim
617 475 799 537 necessaria
814 482 873 550 est,
883 485 919 538 ut
931 474 1015 538 inira
1029 474 1280 538 demonstrati*

187 576 251 630 tur.
265 566 334 631 Non
351 579 427 631 sunt
443 583 549 632 autem
566 570 715 632 esseutiae
729 572 914 635 necessario
926 573 1110 644 existentes,
1124 582 1160 635 ut
1173 582 1271 652 patet:

187 665 265 746 quia
280 684 390 733 rerum
406 666 571 730 finitarum
585 668 755 730 existentia
771 670 966 750 contingens
980 679 1040 732 est.
1050 671 1278 733 &necessario

186 746 358 848 sunt'tales
384 765 568 844 cujusmodi
585 777 661 827 sunt
678 784 686 826 :
702 766 797 857 cujus
812 786 946 850 quoque
969 768 1172 831 necessitatis
1186 770 1272 833 ratio

186 861 325 928 iuferius
339 864 502 927 afferetur.
609 896 615 907 ·
894 926 896 930 ,

227 962 261 1024 2⁰
283 962 427 1024 decentia
451 970 524 1024 caat
547 963 689 1043 infinita.
711 963 872 1026 Videlicet
897 966 1006 1045 quoad
1032 965 1268 1037 extensionem,

186 1080 253 1139 non
270 1080 345 1122 vero
361 1061 471 1141 quoad
483 1062 826 1141 comprehensionem.
842 1064 969 1127 Etenim
986 1073 1135 1127 notarum
1148 1063 1277 1145 quibus

187 1143 334 1222 constant
350 1159 536 1240 complexio
565 1158 797 1237 perfectionem
813 1161 956 1242 aliquam
973 1162 1098 1234 linitam
1124 1162 1271 1234 exhibet,

186 1257 243 1320 sed
260 1257 293 1319 in
311 1256 491 1319 individuis
508 1256 689 1320 indefinitis
702 1258 905 1321 existentiam
922 1260 1066 1322 nancisci
1083 1269 1201 1341 potest.

517 1524 524 1539 .
620 1436 751 1501 CAPUT
776 1438 832 1503 lll.

474 1600 509 1642 BE
528 1599 691 1642 externum
710 1601 744 1642 El*
762 1599 970 1643 POSSlBlLl'l'A'l'E.

603 1758 768 1806 unvreuuus
790 1760 811 1806 r.

539 1890 583 1952 ae
597 1892 764 1954 eminentie
777 1893 910 1954 natiuae.

224 2041 276 2104 dd.
301 2038 469 2121 Quidquid
486 2040 665 2101 realitatem
680 2040 824 2120 aliquam
842 2040 940 2102 habet
951 2040 1013 2118 (ll)
1027 2045 1087 2121 per
1098 2059 1196 2123 quem
1213 2060 1271 2105 co·

183 2140 276 2221 gitari
302 2140 414 2218 possit,
433 2137 481 2199 vel
497 2147 570 2199 actu
589 2138 678 2200 illam
698 2139 794 2200 hahet
809 2149 841 2199 et
857 2126 945 2200 extra
961 2146 1114 2213 mentem,
1133 2141 1181 2202 vel
1199 2157 1268 2203 non

185 2238 281 2299 habet
296 2235 430 2316 quidem
445 2244 528 2309 actu,
544 2235 599 2295 sed
618 2234 738 2300 habere
756 2244 872 2315 potest.
887 2236 971 2299 lliuc
988 2236 1072 2298 eutis
1084 2235 1207 2302 ‘divisio
1232 2237 1268 2300 in

178 2339 313 2398 'aaistcas
331 2347 363 2397 et
385 2335 537 2415 possibile,
555 2354 610 2397 seu
637 2354 689 2395 aas
704 2334 739 2396 ia
763 2343 836 2411 actu
850 2344 882 2397 et
895 2354 948 2396 eac
972 2335 1008 2397 ia
1021 2336 1172 2415 potentia.
1190 2336 1270 2409 Qus

182 2435 249 2498 duo
267 2437 299 2495 iu
316 2436 377 2496 hoc
392 2432 701 2514 conveniunt,quod
720 2445 797 2495 suut
812 2435 1267 2515 proprieensfflatenusens

182 2534 263 2597 dicit
278 2552 345 2595 rem
365 2534 437 2610 (ill,
449 2533 642 2613 precisione
657 2532 738 2594 lacta
750 2531 791 2594 ab
806 2532 975 2595 existentia
987 2534 1035 2594 vel
1049 2552 1115 2595 non
1128 2536 1268 2597 existen-

180 2633 247 2696 tia:
268 2633 329 2693 lroc
344 2645 452 2691 autem
469 2629 635 2700 differunt,
654 2630 742 2709 quod
759 2647 815 2691 eus
832 2630 865 2690 iu
881 2641 953 2692 actu
969 2630 1112 2693 includit
1126 2632 1266 2694 existen·

180 2733 272 2807 tiam,
290 2749 347 2792 ens
363 2731 395 2791 in
414 2729 558 2810 potentia
572 2729 778 2807 negationem
795 2730 881 2807 eius3
894 2729 1042 2810 adeoque
1054 2740 1269 2809 opponuntur

181 2829 268 2891 inter
282 2847 316 2889 se
343 2828 498 2907 negative,
516 2828 564 2885 vel
595 2827 704 2906 potius
731 2827 898 2905 privative,
915 2836 951 2888 ut
976 2826 1117 2889 existens
1142 2837 1175 2889 et
1199 2846 1266 2891 non

180 2930 333 2994 existens.
352 2923 416 2985 Eas
433 2924 466 2990 iu
484 2924 630 3002 potentia
644 2931 684 2985 est
700 2922 854 2984 duntaxat
879 2923 911 2984 iu
928 2923 1046 2985 ordine
1061 2924 1288 3004 intelligibili.

180 3035 211 3087 et
225 3022 447 3104 metaphysica
458 3037 465 3095 ;
476 3038 533 3081 ens
548 3031 620 3081 actu
636 3038 701 3083 nou
719 3022 753 3081 iu
771 3024 833 3083 noc
844 3021 964 3096 solum,
979 3021 1036 3083 sed
1052 3023 1150 3086 etiam
1164 3023 1199 3085 in
1211 3041 1266 3087 ov·

86 3138 89 3145 ¹
179 3122 258 3183 diue
275 3120 409 3199 physico
425 3128 456 3178 et
468 3117 675 3179 actualitatis.

220 3219 407 3282 Existeutiee
424 3216 591 3279 notionem
605 3216 885 3296 simplicissimam
898 3217 998 3280 simul
1012 3217 1266 3282 etclarissimam

182 3318 301 3379 inustae
317 3305 390 3395 quis
403 3314 510 3375 verbis
528 3313 692 3375 illustrare
709 3325 820 3377 tentet.
838 3314 950 3393 Cogita
964 3316 1045 3394 quid
1060 3315 1101 3378 de
1117 3327 1148 3379 te
1161 3318 1264 3394 dicas,

180 3432 284 3497 quum
300 3413 405 3474 dicis:
422 3409 475 3491 epu
495 3429 581 3485 sam,·
599 3412 724 3490 etquid
748 3413 790 3473 sit
805 3413 977 3473 existentia
1002 3416 1125 3492 optime
1141 3416 1266 3477 intelli·

180 3533 246 3596 ges.
264 3511 353 3574 Solet
369 3521 476 3570 tamen
494 3510 561 3571 lere
579 3512 629 3570 his
647 3511 754 3572 niodis
769 3510 938 3572 existentia
955 3510 1119 3575 describi:
1135 3516 1267 3577 actualia

178 3617 223 3675 rei
246 3610 408 3693 prasentia
435 3611 470 3669 ia
496 3608 602 3669 ardiae
624 3612 752 3689 physica
773 3644 814 3655 -
835 3610 1084 3689 complementum
1109 3614 1265 3692 possibili·
1293 3637 1298 3645 ·

180 3713 251 3774 tatis
266 3708 483 3771 -actualitas
509 3708 643 3768 esseutiae
655 3742 696 3752 —
711 3708 822 3769 ultima
847 3710 891 3768 rei
916 3709 1081 3770 actualitas
1094 3743 1137 3757 -
1148 3712 1267 3793 idque

179 3828 226 3872 res
240 3809 435 3871 constituitur
449 3815 536 3867 aetra
551 3824 622 3865 suas
637 3824 759 3866 causas.
770 3806 832 3867 Sed
853 3809 920 3867 ltaec
936 3808 1047 3867 omnia
1057 3807 1141 3868 nihil
1154 3793 1265 3871 revera

180 3908 335 3971 exhibent
351 3904 482 3979 clarius,
500 3922 598 3984 quam
617 3908 683 3966 lvaec
701 3905 797 3965 unica
815 3923 876 3966 vox
891 3906 1073 3968 existentia.

198 4023 201 4026 ’
221 4006 273 4069 56.
291 3987 364 4077 llaec
379 4021 478 4085 porro
493 3992 566 4078 vox,
578 4005 605 4064 si
623 4003 692 4081 eius
709 4004 939 4083 etymologiam
952 4013 1090 4082 spectes,
1104 4006 1265 4087 siguificat
