2792 4600
437 317 524 362 cinna
546 317 707 376 succunus,
732 318 824 364 meur
847 318 892 365 m.
1142 304 1206 369 347

20 428 23 432 ’
119 430 197 492 hum
213 430 337 494 adeum
345 439 463 494 statum
473 441 690 513 ornatumque
701 432 888 510 adduxisse,
903 434 935 496 in
946 453 1012 515 quo
1023 446 1091 499 erat
1102 455 1211 517 quum

119 528 266 594 hominis
282 529 489 593 domicilium
504 550 573 594 esse
586 533 695 612 coepit.
709 531 884 598 Conclusio
897 534 998 615 igitur
1009 548 1119 601 nostra
1129 555 1208 619 geo·

118 626 214 710 logiae
230 628 389 691 universae
405 629 574 694 conclusio
587 639 646 694 est.
798 628 807 648 ⁰

158 744 232 809 sla.
263 745 419 809 Eamdem
449 746 644 809 confirmant
670 747 868 827 populorum
900 749 1102 815 traditiones.
1130 754 1209 827 Quae

116 845 254 923 quidem
269 845 423 908 detractis
439 846 624 908 fabularum
641 845 872 908 additamentis
888 863 919 909 et
937 849 1101 930 allegoria
1116 852 1208 915 invo-

20 947 22 950 ’
117 943 232 1017 lucris,
250 944 315 1008 huc
329 944 466 1008 redeunt
481 939 612 1019 omnem
630 946 790 1008 mundum
804 946 914 1008 divina
929 948 1046 1009 virtute
1060 951 1208 1029 genitum

117 1040 152 1101 in
170 1050 332 1121 tempore;
349 1042 552 1123 praecessisse
568 1044 668 1105 chaos
683 1061 740 1106 seu
753 1046 990 1107 elementorum
1001 1049 1209 1113 commixtio·

117 1156 213 1216 nem;
230 1138 351 1202 deinde
365 1140 546 1206 successive
561 1141 681 1221 ignem,
696 1158 797 1217 snare,
815 1143 946 1217 coelum,
960 1146 1210 1219 terram,viren·

116 1237 162 1298 tia
178 1237 348 1319 producta,
366 1246 462 1319 atque
479 1240 597 1307 ultimo
614 1241 795 1306 homiuem.
813 1243 859 1305 lta
874 1243 1017 1306 mosaica
1035 1245 1069 1305 in
1093 1245 1211 1327 primis

119 1336 269 1414 historia,
294 1355 392 1418 quam
422 1339 533 1400 divina
559 1338 656 1402 nobis
678 1340 887 1402 commendat
911 1342 1110 1416 auctoritas;
1141 1353 1211 1407 tum

116 1437 363 1518 AEgyptiornm,
385 1438 588 1513 Phoenicum,
611 1438 851 1513 Chaldaeorum,
869 1440 1055 1516 Persarum,
1075 1445 1212 1507 Hetrus-

117 1553 246 1612 corum,
265 1536 462 1613 Graecorum,
479 1556 540 1600 neo
555 1553 622 1602 non
640 1538 826 1602 novi-orbis
845 1541 1045 1620 populorum
1061 1545 1209 1609 traditio.

117 1637 243 1701 llorum
264 1638 415 1700 omnium
436 1638 656 1718 cosmogoniae
679 1640 786 1718 quoad
804 1642 986 1702 essentialia
1002 1655 1077 1705 cum
1093 1644 1212 1725 Moysis

119 1735 308 1800 narratione
319 1736 535 1811 conven'iunt;
550 1738 603 1800 hic
617 1748 726 1800 autem
741 1728 919 1801 consensus
931 1758 998 1801 uon
1010 1742 1145 1804 aliunde
1159 1760 1211 1806 re·
1320 1783 1325 1789 -

119 1837 187 1916 peti
204 1846 414 1916 potestqnam
427 1856 444 1897 a
458 1833 624 1916 primitivi
632 1836 841 1910 revelatione,
852 1857 910 1918 per
919 1839 1043 1918 primos
1061 1841 1213 1904 humane

117 1934 234 2015 stirpis
248 1944 398 2014 {carentes
414 1934 453 1996 ad
468 1944 617 2016 posteros
631 1935 833 1998 transmissa.

159 2051 233 2113 515.
251 2048 344 2121 Quod
357 2068 433 2114 vero
449 2059 573 2130 spectat
588 2050 628 2112 ad
639 2050 803 2144 temporis
818 2050 1098 2131 periodum,intra
1112 2073 1212 2135 quam

119 2149 236 2211 mundi
256 2150 403 2211 conditio
419 2148 560 2228 perfecta
574 2162 634 2223 est,
651 2167 690 2210 ex
706 2149 853 2229 profanis
871 2149 1106 2216 traditionibus
1126 2153 1213 2215 nihil

117 2246 199 2309 certi
218 2246 385 2310 haedere
403 2247 615 2310 determinari
639 2256 755 2329 potest.
776 2247 891 2310 lliviua
907 2248 1013 2312 solum
1028 2250 1146 2332 Moysis
1164 2252 1215 2314 hi·

21 2396 22 2435 ,
116 2346 219 2409 storia
236 2348 299 2412 huc
311 2358 440 2429 tempus
456 2348 663 2411 determinat.
679 2349 778 2411 ltocet
788 2349 877 2411 enim
890 2350 1068 2430 inspiratus
1084 2361 1210 2429 auctor,

23 2516 24 2539 χ
120 2447 230 2527 primo
246 2455 346 2511 totam
369 2448 482 2512 mundi
501 2448 710 2529 aspectabilis
730 2449 899 2510 materiam
915 2466 953 2510 ex
969 2448 1078 2511 nihilo
1097 2438 1213 2513 condis

23 2602 24 2627 ,
120 2555 219 2607 tum«
243 2544 280 2607 lu
310 2547 478 2626 principio
506 2547 627 2608 creavit
658 2548 741 2608 heus
769 2545 888 2607 coelum
907 2552 938 2607 et
963 2554 1083 2608 terram
1106 2550 1170 2628 (s),·
1196 2571 1210 2608 s
1319 2574 1322 2577 ¹

23 2634 24 2669 ³
119 2643 243 2709 deinde
263 2663 319 2706 sex
341 2645 471 2708 dierum
497 2639 603 2725 spatio
626 2643 741 2707 mundi
768 2643 974 2706 molitionem
994 2652 1216 2729 ornatumque

119 2743 300 2824 perfectum
317 2762 399 2808 esse.
416 2745 451 2806 ld
464 2745 554 2825 quod
571 2745 677 2823 prima
690 2742 798 2805 fronte
811 2743 852 2805 iis
867 2760 941 2823 que
953 2743 1109 2817 diximus,
1125 2764 1214 2826 quae·

119 2861 184 2924 que
198 2844 347 2924 peologia
361 2845 467 2918 docet,
484 2845 614 2907 obstare
628 2842 768 2917 videtur,
787 2845 865 2916 Quae
879 2859 1041 2924 apparens
1058 2863 1166 2926 pugna
1179 2854 1214 2909 ot
1260 2858 1262 2861 ·

120 2952 335 3016 removeatur,
353 2942 468 3006 sedulo
477 2942 511 3004 in
525 2942 642 3023 primis
657 2940 838 3004 notandum
851 2950 911 3015 est,
921 2943 991 3006 dies
1005 2943 1081 3007 illos
1094 2946 1215 3007 mosai-

23 3074 24 3077 π
119 3056 188 3115 cos,
204 3056 347 3120 quorum
364 3041 464 3120 primi
480 3051 546 3104 tres
559 3039 753 3103 effluxerunt
766 3049 942 3121 antequam
957 3043 1053 3105 tellus
1069 3043 1150 3106 solis
1165 3061 1216 3105 ra-

120 3139 185 3200 diis
205 3137 461 3213 illuminaretur,
479 3139 638 3218 septimus
657 3154 746 3213 vero,
768 3139 802 3199 in
818 3155 885 3218 qno
906 3141 990 3202 [lens
1011 3141 1156 3222 requievit
1176 3143 1215 3204 ch

121 3234 265 3303 uictumae
291 3254 377 3317 opere
404 3237 487 3318 quod
510 3243 656 3316 patrarat
686 3237 736 3313 (a),
763 3236 873 3298 adhuc
900 3237 1067 3317 perdurat,
1100 3239 1215 3319 hujus·

122 3333 212 3397 modi
235 3332 371 3414 iuquam
400 3335 471 3396 dies
494 3332 662 3395 mirabiles
687 3333 848 3412 quosdam
880 3333 951 3394 dies
972 3351 1054 3412 esse,
1070 3338 1216 3401 ‘et'cxtra

121 3437 308 3495 noseorum
323 3430 453 3494 dierum
468 3431 620 3495 ordinem
630 3430 769 3511 positos·
781 3447 842 3492 uec
857 3435 977 3495 mirum
989 3432 1017 3493 si
1029 3432 1071 3495 ah
1087 3433 1129 3496 iis
1143 3451 1214 3498 om-

124 3529 379 3593 ninodifferant.

162 3626 256 3690 Certe
280 3624 465 3706 cujusmodi
483 3623 517 3687 hi
543 3625 613 3687 dies
635 3623 769 3699 fuerint,
787 3622 922 3687 difficile
936 3625 1092 3707 explicari
1120 3647 1217 3710 posse
1327 3624 1331 3639 ‘

124 3724 338 3807 sapientiores
358 3725 482 3807 quique
497 3742 627 3806 semper
645 3722 874 3787 existimarunt
889 3742 899 3801 ;
922 3727 957 3787 in
973 3727 1081 3807 iisque
1109 3729 1216 3811 expli·

123 3824 235 3891 tundis
254 3842 424 3907 uunquam
440 3834 569 3906 patrum
583 3841 622 3887 ac
640 3823 870 3903 theologorum
892 3825 1058 3889 unanimis
1084 3836 1218 3891 senteu-

152 3955 318 4012 lllGeu.l.l·
344 4007 346 4010 ,

150 4032 195 4086 itt.
207 4031 267 4081 deu.
278 4030 314 4079 tl.
322 4030 345 4077 2.
1025 4103 1052 4144 η
