2792 4600
205 299 264 361 tet
656 312 825 357 onnonoom.

202 446 353 508 corpore,
377 439 413 491 ut
436 428 468 489 in
491 428 593 489 alium
616 418 949 507 commigret,'conc.;
967 444 1031 487 non
1058 435 1164 506 potest
1187 444 1295 490 unum

203 545 322 606 corpus
337 527 474 589 aiterum
487 526 527 587 ad
543 533 667 587 motum
684 523 915 598 determinare,
930 542 1020 604 nepo.

243 624 336 686 Ado
354 623 464 686 Trans.
490 622 660 704 unt.,·Nep‚
687 623 940 702 consequentiam.
970 621 1086 686 Fateor
1111 623 1292 685 obscurum
1364 606 1365 657 f

203 741 274 786 esse
289 722 855 804 quomodomotuseommuuicetur.
869 723 909 785 At
917 721 997 801 quid
1008 721 1206 786 indetAnne
1215 721 1294 784 ideo
1364 738 1365 771 1

203 822 388 901 negandum
404 841 543 903 corpora
558 839 652 901 agere
665 829 696 911 et
708 839 742 882 se
756 829 867 882 mutuo
879 837 1021 894 movere,
1036 821 1113 900 quia
1123 819 1299 900 quomodo
1364 854 1365 891 3

204 919 238 981 id
254 920 308 982 fiat
323 922 452 1001 assequi
470 940 534 984 non
553 920 747 1000 possumus?
1364 916 1365 935 i

625 1084 789 1130 nantelinus
812 1084 865 1129 v11.

607 1200 648 1261 Dc
669 1218 764 1261 cause
784 1199 889 1280 pincti.

245 1307 316 1380 295.
341 1314 431 1377 Finis
447 1324 495 1378 est
508 1317 541 1376 id
551 1325 675 1396 propter
689 1316 771 1396 qnod
782 1315 901 1396 aliquid
912 1316 959 1395 tit.
1364 1380 1365 1399 p

244 1416 342 1474 Actus
357 1418 423 1493 q'uo
440 1412 537 1474 finem
553 1415 705 1475 volumus
721 1413 848 1473 dicitur·
857 1412 989 1474 intentio
1005 1409 1091 1473 finis.
1106 1410 1201 1474 Ratio
1217 1428 1299 1492 quaev
1364 1456 1365 1473 ἶ

204 1511 244 1572 ad
261 1511 359 1573 finem
373 1513 547 1575 volendum
564 1526 679 1584 movet,
707 1514 866 1574 motivum.
885 1513 978 1575 Actio
995 1513 1043 1572 vei
1059 1528 1142 1590 opus
1157 1510 1198 1572 ad
1216 1509 1298 1571 finis
1364 1520 1365 1571 t

204 1615 441 1672 assecutionem
470 1610 669 1686 conducens,
696 1612 852 1671 medium:
869 1609 947 1671 acsi
965 1608 1200 1690 impedimenta
1216 1607 1296 1669 finis
1364 1626 1365 1669 3

204 1716 380 1781 removeat,
396 1709 559 1770 remedium
571 1693 796 1788 nuncupatur.
1364 1690 1365 1775 f

245 1804 452 1867 Manifestum
468 1821 516 1868 est
530 1806 629 1868 finem
645 1808 746 1868 amari
761 1817 921 1887 propterte
931 1824 968 1868 ac
978 1806 1164 1882 canoniani,
1174 1823 1295 1885 nempe
1364 1798 1365 1869 ἶ

205 1917 340 1984 propter
357 1905 534 1966 benitatem
551 1924 648 1985 quam
667 1907 786 1967 habere
809 1906 1036 1986 cognoscitnr;
1053 1905 1199 1968 medium
1215 1922 1298 1967 vero

205 2022 269 2082 qua
285 2004 348 2065 taie
361 2007 460 2066 amari
475 2017 600 2085 propter
614 2007 714 2080 alind,
730 2024 847 2086 nempe
864 2015 999 2087 propter
1014 2006 1125 2069 finem.
1364 2086 1365 2091 ἵ

245 2101 318 2164 not.
336 2102 426 2165 Finis
443 2104 546 2165 dividi
564 2106 647 2167 solet
664 2108 695 2168 1⁰
711 2106 744 2167 in
760 2107 852 2185 finem
878 2107 931 2186 qui
957 2106 1048 2182 (alias
1063 2101 1292 2186 ratispona),
1364 2118 1365 2189 j

205 2202 418 2280 etfinemcut'.
810 2209 811 2212 ’
1364 2214 1365 2265 ἶ

248 2300 335 2361 Finis
349 2301 402 2381 qui
417 2312 464 2363 est
477 2302 558 2364 illud
572 2306 696 2365 bonum
710 2307 801 2381 cuius
813 2303 1018 2383 adipiscendi
1033 2304 1135 2384 gnatia
1147 2302 1295 2380 fitactio;
1364 2301 1365 2320 ¹

205 2406 241 2459 ut
255 2408 303 2459 est
318 2398 467 2461 doctrina
483 2402 516 2461 in
534 2401 655 2474 studio,
672 2401 721 2462 vei
738 2402 857 2463 sanitas
872 2402 906 2463 in
922 2402 1120 2469 curatione..

246 2495 335 2558 Finis
360 2500 424 2573 cui,
449 2508 497 2561 cst
518 2500 702 2579 subjeetum
736 2500 788 2561 cui
824 2498 1016 2579 procuratur
1036 2500 1110 2580 finis
1130 2500 1194 2580 qui,
1219 2509 1293 2562 tan·
1364 2495 1365 2578 ξ

204 2614 302 2674 quam
326 2596 450 2658 bonum
479 2598 569 2676 ejus;
593 2608 630 2660 ut
654 2609 702 2659 est
726 2600 825 2661 homo
849 2599 881 2659 in
906 2598 1089 2660 intentione
1112 2597 1212 2659 studii
1240 2596 1293 2659 vc}
1364 2619 1365 2678 j

204 2696 363 2759 sanitatis,
934 2687 937 2693 ’
1057 2680 1059 2684 ’

245 2793 382 2874 Utrique
391 2814 572 2876 porrovera
584 2795 659 2859 finis
676 2797 759 2859 ratio
772 2797 935 2860 convenit.
948 2797 1029 2859 Nam
1042 2796 1097 2876 qui
1113 2816 1141 2858 v.
1155 2794 1293 2874 paphi-
1364 2819 1365 2822 ¹

204 2892 364 2971 losephiae
377 2895 494 2970 studet,
509 2903 575 2957 tem
590 2914 701 2957 amore
717 2895 875 2975 suiipsius
892 2904 1050 2968 movetur,
1068 2911 1166 2976 quam
1179 2912 1294 2955 amore

204 2990 1297 3073 doctrinae,quamcognoscitsuumnonumesseznonenimpropter

202 3087 1295 3173 sesolnmstuderet‚nisidoctrinaessetobtinenda‚nequepropter
1364 3113 1365 3166 p

203 3187 387 3251 doctrinam
404 3190 523 3265 sotum,
542 3192 606 3252 nisi
633 3192 691 3254 ilia
709 3192 795 3255 bona
811 3202 904 3255 esset.
922 3193 1027 3265 Quare
1049 3192 1123 3253 finis
1138 3201 1291 3271 uterque,

203 3303 261 3347 seu
276 3298 466 3350 concretum
496 3290 559 3351 hoc
576 3307 583 3352 :
601 3292 690 3353 tomo
705 3291 820 3366 doctus,
838 3299 886 3352 est
902 3292 1087 3372 integer‚·et
1101 3290 1294 3370 adaequatus

203 3382 278 3445 finis
294 3387 437 3449 studenti
455 3388 654 3469 propositus.

243 3482 315 3545 not.
340 3485 373 3547 2⁰
389 3485 477 3548 Finis
490 3487 544 3565 qni
559 3489 689 3550 induas
706 3489 798 3568 quasi
816 3500 922 3570 partes
938 3488 1147 3568 dispescitur,
1170 3505 1293 3567 nempe

204 3582 237 3643 in
265 3583 362 3644 finem
391 3584 570 3665 objectionem
595 3598 626 3647 et
651 3586 821 3666 formalem,
841 3606 937 3668 quem
955 3587 1069 3649 dicunt
1084 3587 1181 3650 etiam
1195 3587 1292 3666 finem

201 3699 272 3762 quo.
299 3683 390 3745 Finis
416 3684 596 3765 objectivus
611 3697 660 3748 est
674 3705 726 3749 res
741 3689 776 3748 in
792 3705 856 3766 qua
871 3688 954 3750 ratio
970 3686 1048 3749 boni
1064 3685 1240 3761 invenitur,
1259 3694 1292 3747 et

126 3829 130 3834 .
203 3797 302 3859 quam
330 3781 468 3861 adipisci
500 3784 726 3846 desideramus
744 3804 751 3848 :
771 3785 918 3847 formatis
934 3794 982 3847 est
998 3786 1068 3863 ipsa
1083 3785 1213 3865 adeptio
1228 3784 1288 3846 rei.

202 3876 257 3939 Sic
284 3898 379 3943 avaro
414 3883 552 3960 pecunia
573 3891 622 3945 est
644 3884 719 3945 finis
743 3884 930 3963 objectivus,
956 3885 1103 3964 pecuniae
1125 3882 1291 3965 possessio

202 3974 279 4054 finis
309 3976 467 4044 formalis.
497 3981 570 4044 Haec
585 3990 693 4044 autem
708 3983 775 4046 duo
791 4000 858 4066 non
873 3992 949 4045 suut
965 3983 1030 4047 duo
1046 3982 1127 4064 fines
1142 3982 1289 4066 proprie,
