2792 4600
172 330 238 396 :tat
610 344 802 396 nostratuum.

169 459 314 544 quodvis
330 458 527 523 elementum
543 471 610 523 non
633 468 681 523 est
696 476 715 524 a
731 477 765 521 se
779 476 788 537 ;
802 457 973 539 multoque
988 457 1098 521 minus
1113 457 1268 523 omnium

173 557 367 637 liuiusmudi
383 558 620 621 elementorum
636 557 800 621 collectio.
1316 619 1319 622 .

220 656 288 719 line
303 667 542 737 argumentum,
557 669 593 719 ut
608 658 706 732 vides,
723 656 891 720 transferri
909 656 1004 719 laaile
1016 666 1120 738 potest
1136 656 1177 719 ad
1190 674 1273 739 pro-

173 755 335 829 bandum,
361 756 449 835 ipsus
471 756 607 834 spiritus
632 764 736 818 etrus
763 773 987 836 quascunque,
1016 765 1133 837 praeter
1150 758 1271 833 Deum,

173 872 244 917 nun
264 873 357 935 posse
372 873 470 917 essea
487 873 531 917 se.
1173 913 1176 918 ,

218 953 252 1015 2⁰
272 953 366 1028 Quod
391 962 439 1016 est
456 952 673 1015 essentialiter
696 951 888 1014 indifferens
904 953 942 1014 ad
960 971 1009 1027 ea,
1026 953 1098 1016 sine
1124 971 1273 1034 qnorum

172 1054 280 1116 altero
296 1070 362 1116 non
375 1061 479 1131 potest
491 1052 639 1126 existere,
653 1050 853 1132 estprolecto
867 1052 907 1114 ad
916 1052 1120 1115 existendum
1134 1072 1273 1134 quoque

177 1169 218 1213 ex
233 1168 267 1212 se
284 1150 485 1212 indifferens.
502 1149 572 1213 Non
595 1150 683 1212 enim
697 1149 768 1212 fleri
785 1157 901 1228 potest,
919 1158 954 1211 ut
969 1151 1095 1231 aliquid
1122 1151 1165 1211 sit
1179 1169 1220 1212 ex
1236 1169 1277 1214 se

177 1253 430 1313 determinatum
445 1251 485 1312 ad
502 1250 719 1323 existendum,
738 1248 818 1329 quin
837 1250 934 1311 simul
952 1268 990 1311 ex
1014 1268 1048 1312 se
1074 1249 1275 1313 determina·

176 1351 301 1411 tionem
320 1348 434 1410 habeat
450 1349 489 1409 ad
502 1347 628 1427 aliquid
644 1364 757 1409 eorum
772 1347 843 1407 sine
856 1364 998 1427 quorum
1013 1347 1116 1412 altero
1131 1347 1275 1411 existere
1308 1399 1309 1402 ,

177 1447 305 1526 nequit.
567 1526 570 1531 Ι
759 1435 762 1442 ’

220 1545 318 1623 Atqui
337 1543 483 1616 materia,
501 1562 539 1606 ex
556 1543 767 1623 physicorum
795 1542 945 1606 omnium
969 1560 1143 1618 consensu,
1169 1552 1278 1606 estex

176 1664 214 1706 se
227 1643 420 1705 indifferens
434 1644 474 1704 ad
491 1652 617 1704 mutum
645 1651 673 1704 et
690 1641 731 1702 ad
747 1642 904 1720 quietem,
928 1651 976 1704 est
1007 1642 1142 1723 insuper
1157 1661 1195 1705 ex
1210 1660 1277 1706 sun
1295 1641 1306 1658 ⁹

178 1754 340 1823 conceptu
357 1741 548 1803 indifferens
564 1742 604 1801 ad
623 1741 706 1802 hana
722 1741 771 1801 vel
788 1740 880 1802 illam
897 1739 1045 1820 figuram,
1063 1741 1101 1801 ad
1122 1743 1204 1808 hane
1219 1742 1282 1803 relv

180 1843 273 1902 illam
289 1840 546 1920 magnitudinem
558 1858 566 1912 ;
579 1848 610 1901 et
622 1847 806 1901 tamennon
824 1847 927 1919 potest
940 1838 1077 1901 existere
1091 1840 1155 1901 nisi
1171 1841 1221 1901 vel
1237 1841 1276 1901 in
1381 1917 1382 1922 ἵ

179 1940 292 2017 quiete
307 1938 356 1999 vel
370 1921 402 1998 in
420 1946 510 2000 motu
523 1939 576 2009 sit,
590 1955 627 1999 ae
640 1937 705 1999 nisi
718 1936 965 2000 determinatam
978 1938 1120 2018 aliquam
1134 1938 1278 2018 figuram

179 2055 219 2098 ae
234 2036 496 2115 magnitudinem
511 2037 661 2116 accipiat.

225 2134 309 2213 Ergo
339 2134 473 2195 materia
489 2144 537 2195 est
553 2133 745 2194 indifferens
767 2133 984 2195 essentialiter
999 2135 1038 2196 ad
1056 2135 1279 2198 existendum.
1381 2115 1382 2184 ζ

182 2234 361 2298 Existentia
378 2231 478 2311 igitur
494 2249 559 2294 non
576 2243 624 2292 est
641 2233 689 2291 illi
708 2230 892 2293 essentialis
910 2250 919 2307 ;
935 2249 973 2293 ao
984 2233 1123 2312 proinde
1138 2234 1282 2295 materia

182 2349 250 2392 nun
263 2341 310 2392 est
325 2349 383 2390 ens
398 2348 416 2390 a
431 2348 477 2392 se.
1381 2328 1382 2409 ζ

224 2432 258 2492 5⁰
276 2431 364 2490 Vires
378 2427 562 2489 attrahendi
579 2446 615 2489 aa
631 2426 826 2506 repellendi,
842 2426 963 2506 quibus
978 2427 1160 2489 materiales
1172 2430 1281 2491 atomi
1381 2414 1382 2509 i

183 2527 350 2591 instructae
378 2541 465 2600 sunt,
497 2527 546 2589 vel
570 2527 759 2590 essentiales
775 2526 855 2606 ipsis
877 2544 946 2588 esse
971 2528 1137 2601 dicuntur,
1155 2527 1279 2590 velse·
1381 2580 1382 2615 t

182 2643 253 2688 eus.
629 2678 633 2687 .

227 2722 344 2785 Sinon
370 2734 446 2785 sunt
468 2724 665 2794 essentiales.
695 2724 844 2802 sequitur
869 2722 1037 2784 materiam
1064 2723 1197 2786 aliunde
1220 2742 1284 2787 eas
1381 2726 1382 2795 j

97 2850 99 2854 ⁴
184 2825 361 2900 accepisse,
378 2822 628 2903 adeoquealteri
641 2822 817 2885 obnoxiam
830 2821 1018 2901 exserique
1032 2822 1128 2902 plane
1142 2823 1281 2902 subjici,
1381 2844 1382 2897 3

184 2938 287 2999 aquo
303 2928 334 2982 et
351 2921 532 2983 modificari
550 2930 666 3001 potest,
684 2933 715 2982 et
730 2922 770 2981 ad
787 2919 868 2981 fines
883 2922 990 2983 varius
1005 2921 1116 3002 dirigi.
1134 2923 1201 2985 llos
1214 2942 1281 2986 au·
1381 2930 1382 2967 f

184 3028 252 3080 tem
269 3019 408 3080 destruit
424 3037 557 3099 prorsus
573 3031 768 3098 conceptum
785 3019 869 3081 eutis
885 3036 903 3078 a
918 3036 964 3079 se.

227 3117 262 3179 st
279 3116 352 3181 suitt
367 3120 452 3180 vires
465 3119 529 3180 illae
540 3118 728 3180 essentiales
744 3116 873 3190 atomis,
898 3117 1049 3197 sequitur
1061 3134 1282 3200 unamquam·
1381 3108 1382 3113 ἵ

186 3235 252 3298 que
265 3230 409 3280 atomum
423 3218 637 3280 essentialiter
652 3235 723 3278 esse
739 3226 872 3296 propter
886 3215 991 3288 aliud,
1013 3234 1128 3296 nempe
1144 3229 1283 3300 propter

187 3317 357 3379 t'urmantla
372 3333 533 3396 eorpora3
562 3317 626 3376 huc
641 3317 729 3377 enim
752 3316 886 3378 tendunt
902 3316 1076 3377 attractivae
1100 3316 1196 3380 vires.
1213 3320 1283 3383 Sed

185 3431 276 3476 ensa
298 3433 339 3480 se.
359 3431 420 3476 nun
439 3414 547 3494 ‘potest
576 3409 647 3475 assa
671 3425 806 3492 propter
835 3414 938 3486 atiud,
956 3413 1012 3476 sed
1030 3414 1123 3476 unice
1141 3428 1281 3498 prepter

186 3531 240 3586 se;
256 3512 344 3592 quud
361 3515 448 3574 enim
470 3511 502 3572 itt
522 3529 556 3572 se
581 3512 631 3571 sui
658 3529 729 3571 esse
746 3511 904 3574 rationem
922 3525 953 3572 et
969 3511 1221 3591 independenter
1235 3517 1282 3580 ab

187 3611 278 3673 durni
295 3611 361 3671 alin
379 3609 486 3682 habat,
503 3625 578 3669 euin
592 3608 634 3670 sit
645 3625 702 3668 sua
715 3606 777 3668 sibi
792 3609 930 3683 bonitas,
945 3625 1006 3671 non
1016 3619 1122 3689 potest
1133 3611 1173 3672 ad
1187 3613 1283 3677 aliud

187 3717 342 3787 tanquam
370 3708 409 3769 ad
428 3706 524 3769 finem
540 3707 697 3770 ordinari.
725 3705 765 3767 Et
792 3707 860 3767 haec
881 3708 959 3769 satis
987 3708 1051 3770 sint
1068 3709 1099 3771 in
1116 3728 1152 3771 re
1174 3714 1283 3776 mani·

190 3805 283 3866 testa.

189 3900 305 3982 Uada.
331 3900 505 3965 Parnasum
518 3901 558 3966 ll.
581 3901 714 3965 dluters'u
721 3903 853 3982 produci
866 3903 970 3965 deluit
982 3922 1020 3964 aa
1034 3905 1146 3968 nitito.
1244 3957 1247 3961 .

234 3998 314 4058 Cum
331 4002 416 4061 enim
432 4017 497 4062 nou
511 4002 553 4061 sit
567 3991 641 4074 ase,
658 4000 698 4061 ab
715 4001 780 4061 alio
796 4001 933 4080 produnt
947 4002 1071 4066 debuit.
1089 4005 1158 4090 Hjoc
1171 4017 1284 4072 autem
