2792 4600
407 287 494 333 urnae
516 288 637 349 saeuus,
660 288 752 335 cirus
774 290 817 336 v1.
1057 283 1059 285 ·
1096 270 1158 334 313

71 401 282 466 determinate
297 402 433 483 quidem
448 404 688 483 multiplieiter,
713 423 773 485 pro
789 406 924 469 notione
942 405 1157 485 diversaque

70 501 243 580 subjicitur
264 502 334 564 vooi
350 518 358 564 ε
372 502 524 578 accidens,
542 520 579 565 ao
600 520 660 583 pro
675 504 805 566 ratione
829 504 956 566 diversa
971 502 1072 577 modi,
1090 518 1158 583 quo

71 599 252 662 accidentia
267 618 285 661 a
298 599 365 662 Deo
395 602 580 666 conservari
601 601 769 665 dicuntur.
785 602 820 665 Si
847 604 913 667 duo
929 604 999 666 baeo
1014 602 1157 664 indeter-

70 699 192 761 minate
221 699 435 779 accipiantur,
464 708 500 762 ut
522 719 559 763 ea
587 701 703 782 vulgus
725 701 875 782 aooipene
900 702 994 775 solet,
1014 702 1066 764 vix
1086 719 1158 764 esse

70 796 189 877 poterit
212 796 299 860 inter
313 798 493 864 eatbolioos
512 800 650 880 questio
671 801 713 863 de
727 818 785 864 re:
802 801 829 862 si
844 819 921 864 vero
942 800 1159 863 determinate

70 905 241 960 sumantur
265 896 356 976 juxta
380 898 522 979 aliquam
540 898 803 980 philosophicam
832 899 1006 973 theoriam,
1023 918 1067 961 ea
1083 916 1158 979 pro·

70 995 191 1075 positio
207 997 329 1076 poterit
343 1015 413 1060 esse
435 999 664 1079 philosophice
677 1016 752 1062 vera
768 1000 802 1061 in
818 1016 885 1062 uno
898 1000 1008 1071 sensu,
1025 997 1106 1060 laisa
1120 997 1157 1059 in

70 1094 183 1159 allero.
209 1095 355 1177 idipsum
373 1097 550 1160 dicendum
567 1097 608 1161 de
626 1098 686 1161 bae
713 1099 783 1180 ipsa
798 1115 897 1174 voce:
914 1097 1052 1159 aecidmu
1067 1095 1157 1159 ubso-

15 1227 30 1244 ιι
69 1193 179 1258 imma.
198 1196 306 1258 Potest
331 1195 420 1258 enim
449 1214 485 1260 ea
505 1215 566 1260 vox
582 1214 640 1277 per
668 1216 703 1261 se
729 1197 882 1279 explicari
906 1195 1161 1258 indeterminate

70 1293 135 1357 ita:
164 1294 304 1382 qualitas
321 1312 393 1375 quae
418 1313 510 1358 sensu
535 1296 769 1375 deprehenditur
784 1299 834 1373 (a),
852 1312 990 1376 quaeque
1006 1293 1158 1356 sensibus

57 1389 206 1453 offertur
232 1390 355 1472 absque
380 1392 632 1472 dependentiaa
661 1393 853 1466 substantia,
883 1394 937 1455 oui
966 1390 1159 1453 naturaliter

70 1487 210 1551 inliaeret
221 1498 252 1551 et
265 1498 370 1570 potest
382 1507 410 1553 v.
424 1508 473 1570 gr.
487 1507 563 1553 eum
575 1491 797 1571 peripateticis
809 1490 948 1570 intelligi
966 1490 1029 1552 boe
1043 1498 1157 1569 paet03

71 1586 201 1649 realitas
220 1589 381 1668 quaedam,
398 1606 457 1651 seu
485 1588 591 1655 forma
611 1589 822 1653 accidentalis
843 1590 989 1670 physica,
1010 1586 1161 1650 eductae

71 1683 252 1748 substantia
267 1703 438 1767 corporea,
456 1686 497 1748 ab
519 1705 622 1767 eaque
638 1687 770 1751 realiter
785 1685 952 1763 distincta,
969 1686 1080 1748 eadem
1097 1702 1159 1747 nu·

71 1800 162 1847 maro
176 1803 313 1849 manens
327 1786 451 1867 absque
466 1786 657 1861 substantia,
672 1785 765 1859 Quod
781 1786 808 1849 si
824 1786 869 1848 ita
884 1784 1160 1867 expliceturaeei-

71 1883 151 1946 dens
165 1884 366 1958 absolutum,
384 1895 432 1947 est
448 1886 540 1950 notio
555 1903 628 1967 que
644 1903 712 1949 non
725 1886 765 1947 ad
788 1885 865 1947 tidei
880 1884 1068 1965 depositum
1085 1899 1159 1963 per·

70 1982 163 2057 tinet,
201 1983 257 2045 sed
290 1984 330 2044 ad
361 1985 529 2065 physicam
556 1984 734 2065 quamdam
762 1983 937 2059 theoriam,
965 2000 1038 2062 quae
1073 1992 1162 2043 certe

15 2123 17 2138 1
72 2079 318 2145 difficultatibus
331 2100 396 2146 non
412 2092 511 2148 earet.

15 2241 16 2256 2
111 2194 184 2261 252.
201 2195 454 2276 Advertendum,
478 2198 692 2281 questionem
714 2198 810 2273 bano,
826 2216 865 2260 ex
887 2196 993 2270 dietis,
1008 2196 1075 2277 jam
1091 2211 1161 2255 am·

73 2294 159 2377 plius
179 2315 250 2359 esse
276 2315 343 2360 non
365 2315 460 2379 posse
485 2296 526 2360 de
542 2294 703 2360 universis
719 2292 941 2358 accidentibus
967 2290 1159 2374 corporeis:

73 2409 147 2456 nem
163 2395 335 2476 qualitates
347 2414 462 2460 omnes
474 2414 547 2478 quae
559 2415 598 2458 ex
610 2394 840 2458 essentialibus
852 2394 999 2474 eorporis
1013 2388 1161 2472 proprie·

15 2514 17 2565 l
73 2494 193 2559 tatibus
208 2496 378 2572 resultant,
406 2513 473 2560 non
489 2495 743 2558 suntrealitates
768 2492 809 2555 ab
837 2493 878 2554 iis
904 2492 1077 2567 distinctae,
1102 2488 1160 2554 sed

15 2656 17 2681 ζ
75 2594 229 2680 duntaxat
244 2596 434 2659 earumdem
451 2595 539 2659 modi
556 2592 640 2673 (tlt,
658 2595 752 2673 serp).
770 2591 912 2664 Quaestio
927 2591 1037 2671 itaque
1052 2589 1162 2653 solum

15 2690 17 2755 l
75 2691 143 2755 fieri
167 2702 274 2776 potest
294 2693 335 2757 de
351 2693 581 2756 essentialibus
603 2691 751 2775 eorporis
772 2688 1042 2771 proprietatibus;
1057 2705 1098 2749 an
1113 2686 1162 2748 vi·

15 2798 17 2909 j
76 2793 193 2858 delicet
208 2795 353 2859 extensio
369 2811 406 2855 ao
428 2786 661 2855 resistendivis
683 2787 866 2853 accidentia
886 2786 1036 2851 anselme
1047 2785 1164 2866 appel-

15 2912 17 2941 ἰ
76 2897 134 2959 lari
150 2894 278 2976 possint
291 2911 381 2957 sensu
394 2890 601 2975 peripatetico.
616 2891 765 2953 lamvero
781 2888 928 2951 extensio
939 2904 976 2949 ae
987 2884 1162 2948 resistendi

77 2995 122 3058 vis
137 3012 202 3059 non
225 2993 378 3057 videntur
398 3009 469 3056 esse
491 2991 655 3054 realitates
677 2984 851 3072 ejusmodi,
874 3005 959 3068 qum,
983 2983 1163 3047 substantia

15 3150 16 3157 ,
78 3095 128 3158 eui
144 3094 258 3156 insunt
272 3092 313 3155 de
329 3091 440 3154 medio
455 3088 594 3166 sublata,
612 3104 806 3169 permanere
823 3084 962 3167 possint.

15 3206 16 3213 '
113 3209 187 3274 253.
205 3209 242 3271 ld
257 3207 346 3290 quod
359 3205 513 3270 suadetur
529 3205 561 3266 l⁰
572 3221 609 3266 ea
624 3201 722 3265 dietis
734 3199 818 3280 (hid,
831 3199 916 3277 emt.
928 3197 1061 3260 Nullum
1072 3194 1164 3259 enim

77 3310 236 3389 iudicium
253 3307 349 3372 nobis
365 3304 521 3387 suppetit,
539 3322 605 3385 quo
628 3301 788 3384 suspicari
808 3298 984 3382 possimus,
1001 3295 1164 3359 extensio·

15 3442 16 3493 5
79 3425 151 3473 nem
166 3428 204 3472 ac
224 3406 397 3473 resistendi
418 3405 483 3468 vim
505 3422 576 3467 esse
590 3401 786 3466 realitatesa
808 3397 954 3462 realitate
974 3394 1167 3459 substantie

15 3500 17 3511 ’
81 3526 245 3590 corporeae
273 3506 463 3582 distinctas;
499 3504 566 3566 imo
594 3501 706 3566 omnia
738 3498 876 3563 suadent
903 3495 1073 3558 distinctas
1096 3508 1166 3557 non

15 3612 17 3655 l
81 3625 158 3671 esse.
175 3605 268 3680 Quod
285 3605 312 3668 si
328 3623 346 3667 a
361 3601 543 3667 substantia
557 3618 624 3664 non
637 3599 886 3678 distinguuntur
897 3592 1080 3658 secundum
1092 3607 1163 3653 rea·

15 3742 16 3767 i
81 3705 214 3784 litatem,
230 3721 298 3769 non
314 3714 390 3767 sunt
404 3701 469 3764 nisi
484 3699 672 3762 essentiales
687 3696 833 3778 ejusdem
849 3694 960 3770 modi;
975 3710 1011 3754 ao
1024 3689 1168 3772 proinde

82 3803 149 3886 ipsa
163 3804 301 3879 sublata,
318 3800 493 3884 persistere
507 3815 574 3863 non
599 3804 736 3878 possunt
756 3792 938 3858 seeundum
959 3807 1030 3855 eum
1045 3787 1164 3851 entita-

15 3968 17 4013 ἶ
109 3982 299 4038 (illidonotam
310 3979 340 4028 ad
351 3977 426 4035 ossa.
466 4024 469 4029 ⁴

1118 4109 1128 4143 l
