2792 4600
128 287 191 351 576
575 298 766 346 cestretona.

130 439 196 485 uua
224 418 385 482 moleeula
401 416 546 496 aliquam
561 414 660 477 aliam
680 412 852 495 impellere
876 430 913 474 aa
938 410 1113 473 deturbare
1129 410 1216 486 loeo,

129 522 157 583 si
181 519 293 583 omnia
313 518 576 598 circumquaque
600 514 703 595 spatia
728 513 825 595 plena
840 519 957 586 essent,
975 511 1067 575 nullo
1083 527 1219 592 prorsus

130 619 301 699 interjeeto
324 619 455 681 vaano?

170 716 243 783 576.
270 714 469 779 aristotelici
489 714 649 794 physicam
667 712 759 774 vacui
777 709 1029 791 possibilitatem
1044 708 1218 789 negabant,

126 817 217 899 juxta
231 817 345 879 tritum
359 815 459 879 illud:
474 824 592 876 natura
604 813 743 874 autumet
757 830 778 873 u
788 828 902 878 uacuo:
920 809 976 871 sed
991 825 1087 871 nemo
1100 806 1217 881 nescit,

129 917 351 998 experimenta
367 933 440 996 quae
460 913 501 976 ad
519 915 607 976 hune
623 920 747 974 naturae
762 911 933 974 horrerem
951 906 1157 990 probandum
1177 904 1220 969 ab

129 1016 172 1078 iis
188 1015 418 1090 afferebantur,
430 1013 494 1075 alia
507 1030 641 1094 prorsus
650 1011 777 1073 ratione
786 1027 874 1071 nunc
885 1006 1053 1088 explicari,
1062 1017 1094 1070 et
1105 1015 1221 1096 eontra

128 1118 221 1179 vacui
237 1115 442 1179 existentiam
456 1112 580 1175 nullam
593 1111 735 1192 amplius
747 1110 972 1173 diffieultatem
995 1110 1112 1173 lacere.

169 1215 243 1278 577.
260 1212 323 1278 Sed
338 1211 501 1274 Cartesius
516 1208 652 1290 ejusque
667 1208 797 1270 assecla
809 1216 1018 1280 censuerunt,
1035 1197 1219 1270 absolutam

127 1315 221 1378 vacui
237 1311 486 1393 repugnantiam
503 1328 584 1372 esse.
604 1311 708 1390 Atque
731 1309 801 1371 haee
815 1307 883 1371 iere
898 1325 1013 1370 eorum
1028 1315 1220 1387 argumenta

129 1423 216 1478 sunt.

171 1512 290 1575 Dicunt
305 1509 337 1571 1⁰
358 1507 392 1571 si
410 1506 496 1569 intra
512 1523 565 1568 vas
583 1503 718 1592 aliquod
745 1504 856 1567 omnia
881 1503 1118 1589 annihilentur,
1136 1502 1220 1566 vasis

129 1610 230 1672 latera
245 1626 280 1670 se
294 1618 409 1669 mutuo
431 1604 626 1683 contingant
655 1594 796 1683 oportet.
826 1601 906 1664 Nam
936 1601 1022 1664 inter
1038 1602 1108 1682 ipsa
1134 1601 1219 1664 nihil

129 1707 310 1786 interjacet.
326 1703 397 1767 Nun
413 1703 476 1766 erit
491 1703 594 1782 igitur
606 1717 743 1763 vacuum
759 1699 943 1762 interranis
960 1701 1071 1763 latera.

170 1806 204 1868 2⁰
229 1803 387 1870 Distantia
408 1801 506 1865 realis
538 1818 604 1865 nou
633 1809 828 1880 potestesse
849 1799 948 1862 nihil.
968 1798 1049 1861 Nam
1065 1799 1221 1863 distantia

129 1923 203 1986 quae
218 1904 305 1966 nihil
321 1911 380 1978 est,
397 1900 553 1965 distantia
569 1917 636 1963 uon
659 1907 708 1962 est
725 1916 732 1963 :
757 1898 813 1961 sed
830 1898 983 1962 distantia
1005 1917 1103 1961 vacua
1132 1900 1218 1962 nihil

128 2003 225 2068 foret.

169 2103 203 2165 5ο
228 2098 333 2165 Nihili
355 2097 445 2161 nulla
465 2115 535 2159 esse
561 2103 666 2175 potest
688 2095 833 2160 extensio
854 2095 965 2159 realis.
992 2096 1054 2160 Sed
1081 2114 1218 2160 vacuum

129 2200 213 2264 foret
224 2175 315 2262 ‘nihil
331 2206 363 2262 et
383 2198 481 2260 simul
498 2198 629 2259 realiter
644 2205 825 2259 extensum.

169 2299 203 2361 4⁰
226 2298 385 2360 Distantia
402 2298 471 2359 haea
484 2313 585 2358 vacua
598 2294 854 2358 neeaubstantia
869 2293 964 2372 foret,
978 2312 1039 2358 nea
1054 2295 1218 2359 accidens.

169 2396 231 2460 578
245 2398 342 2476 Resp.
355 2398 356 2401 ’
369 2394 409 2456 ad
433 2395 471 2456 1⁰¹
486 2395 582 2476 Nego.
602 2395 656 2458 Est
671 2393 761 2456 enim
789 2394 857 2456 haee
871 2395 1008 2457 assertio
1026 2395 1108 2456 mira
1124 2412 1221 2475 pror-

128 2515 195 2570 suS,
214 2507 245 2558 et
257 2496 354 2557 etiam
370 2493 504 2556 eredere
517 2494 638 2556 volenti
654 2493 874 2556 incredibilis.

170 2595 232 2659 Ad.
246 2605 307 2657 rat.
324 2593 401 2656 add.
415 2593 494 2655 Dist.
510 2591 601 2655 Nihil
619 2592 799 2672 interjacet,
813 2606 845 2655 et
856 2604 965 2655 tamen
976 2592 1102 2674 aliquid
1121 2594 1221 2657 inter·

127 2694 366 2773 incompotem,
383 2710 482 2768 deneg
496 2692 582 2754 nihil
601 2691 794 2771 interjacere
808 2701 923 2772 potest,
940 2710 1026 2774 nego.
1057 2692 1128 2757 Non
1145 2712 1221 2775 pro·

129 2792 203 2873 prie
225 2791 303 2872 quia
317 2789 445 2870 aliquid
471 2790 642 2854 interduo
664 2793 748 2853 vasis
775 2790 874 2854 latera
895 2790 1075 2871 interjacet,
1092 2810 1128 2855 ea
1144 2802 1221 2856 sunt

129 2887 326 2950 abinvicem
342 2887 507 2962 distantia,
526 2891 582 2949 sed
599 2887 676 2969 quia
700 2887 826 2969 'aliquid
851 2889 937 2950 inter
958 2889 1028 2975 ipsa
1044 2900 1150 2971 petest
1167 2892 1220 2953 in·

129 2987 296 3068 tarjaaere.
326 2984 396 3050 lam
427 2987 496 3049 haee
532 2986 735 3068 possibilitas
760 3005 826 3049 nun
850 2987 977 3051 tollitur
1005 3008 1043 3051 ex
1061 3007 1112 3066 eo,
1129 2990 1218 3071 quod

129 3085 241 3148 omnia
256 3103 328 3164 qnae
344 3085 378 3146 in
396 3102 468 3149 vase
484 3094 560 3147 sunt
576 3088 608 3148 in
625 3086 770 3147 nihilum
790 3085 991 3166 redigantur.
1122 3075 1124 3081 ’

169 3184 232 3248 Ad.
249 3185 290 3248 Ψ
305 3184 385 3248 θέει.
401 3184 478 3265 maj.
497 3185 654 3246 Distantia
676 3185 775 3247 realis
802 3202 868 3248 non
895 3194 1002 3267 potest
1027 3204 1096 3248 esse
1118 3187 1218 3263 nihil,

129 3283 236 3364 quoad
254 3283 413 3347 terminos
439 3283 543 3364 ipsam
559 3283 748 3345 distantiam
764 3283 967 3358 definientes,
989 3302 1089 3360 coac,
1106 3295 1218 3367 quate·

128 3398 190 3443 nus
206 3381 334 3443 nullum
351 3399 470 3462 eorpus
486 3381 572 3442 intra
587 3382 691 3444 reales
712 3383 810 3445 hosce
827 3381 985 3445 terminos
1001 3393 1075 3446 actu
1091 3384 1217 3459 existat,

127 3499 216 3561 nepo.
233 3479 423 3560 Eodemque
439 3480 540 3543 medo
553 3480 626 3544 dist.
641 3485 715 3544 rut.
732 3482 804 3544 add.
822 3490 853 3543 et
867 3482 1045 3545 contradat.
1061 3484 1139 3545 mitt.
1163 3483 1220 3545 lli·

128 3579 246 3641 stantia
262 3570 370 3653 vaeua,
387 3567 576 3659 quanquam
593 3580 677 3642 nihil
695 3598 761 3643 non
785 3581 837 3655 sit,
855 3589 999 3662 spectatu
1010 3582 1127 3645 ordine
1143 3600 1221 3663 pos-

128 3677 307 3750 sibilitatis,
325 3687 373 3740 est
395 3687 503 3740 tamen
520 3678 603 3740 nihil
628 3687 772 3759 spectate
794 3679 911 3742 ordine
934 3680 1124 3744 existentia.
1155 3680 1219 3745 Sed

129 3776 227 3856 huJ'us
239 3777 336 3840 nihili
354 3776 452 3839 etiam
471 3778 505 3840 in
521 3779 639 3841 ordine
654 3779 834 3842 existentia
857 3780 988 3841 termini
1004 3788 1084 3851 ‚sunt
1103 3782 1217 3859 reales,

128 3885 159 3936 et
175 3875 300 3937 ideireo
314 3893 452 3938 vacuum
469 3876 659 3957 hujusmodi
682 3877 804 3939 dieitur
819 3877 917 3940 reale.
1006 3874 1010 3881 '

169 3973 216 4035 Ad
229 3976 270 4037 5¹⁰
283 3974 363 4037 Dt'rt.
378 3983 446 4038 unt.
461 3974 565 4038 Nihili
580 3975 669 4057 quod
685 3985 752 4039 lum
770 3976 935 4041 inordina
950 3978 1138 4056 existentiae,
1149 3989 1219 4043 tunt
