2792 4600
116 264 125 282 .
154 171 406 299 242⁰}wa
451 238 460 283 :
622 216 794 263 onrocoom.

109 283 370 329 01⁷e·,·0,‘···
398 305 407 322 0
453 290 548 321 aa.

520 320 529 337 ⁶
556 321 564 336 ⁹
593 366 758 412 narremus
782 368 815 414 u.

416 541 419 545 .
520 480 694 559 Quotuptee
708 480 748 541 rit
761 480 881 545 relatio.

207 609 280 676 206.
298 610 461 673 Dividitur
476 610 501 674 l.
519 611 634 673 relatio
650 608 682 672 in
698 612 809 672 reatem
821 620 852 672 et
864 613 1005 692 lopiacum.

164 709 180 782 ξ
208 708 335 771 Relatio
351 706 447 768 realis
460 718 507 769 est
520 707 577 769 illa
592 727 665 789 quae
679 710 762 789 viget
779 710 863 770 iuter
875 727 926 772 res
943 709 1204 790 independenter
1212 709 1252 770 ab

166 807 353 870 intellectus
370 806 632 870 consideratione
648 816 678 870 et
697 811 954 890 comparatione.
971 809 1058 873 Talis
1075 817 1122 870 est
1137 808 1254 870 relatio

165 922 297 969 causam
315 906 400 967 iuter
425 913 456 967 et
471 904 633 969 effectum.
662 905 765 968 Causa
788 907 889 983 enim,
907 906 1034 968 etiamsi
1052 924 1149 968 nemo
1162 906 1252 969 illam

165 1006 364 1087 cogitatione
379 1004 498 1066 referat
511 1005 551 1066 ad
565 1005 726 1080 effectum,
736 1005 832 1067 habet
848 1012 955 1067 tamen
964 1005 1003 1067 ad
1019 1006 1114 1068 illum
1131 1005 1252 1067 realem

164 1104 409 1168 habitudinem.
1185 1109 1186 1112 ’
1294 1168 1297 1172 A

208 1194 335 1267 Relatio
351 1201 456 1281 logica
480 1220 534 1264 seu
552 1201 688 1265 rationis
710 1211 756 1263 est
780 1220 852 1282 quae
867 1200 1001 1282 lingitur
1014 1203 1054 1264 ah
1070 1203 1250 1277 intellectu,

165 1318 270 1382 quum
285 1299 411 1380 aliquid
440 1299 528 1379 qnod
545 1300 578 1360 iu
606 1318 641 1361 re
658 1300 845 1363 absolutum
862 1311 921 1377 est,
940 1310 1096 1383 tanquam
1111 1302 1252 1365 formam

164 1399 207 1462 ad
236 1399 325 1460 aliud
348 1397 555 1460 ordinantem
578 1400 736 1479 concipit.
766 1396 852 1461 Talis
881 1409 929 1461 est
958 1400 1073 1463 relatio
1100 1401 1252 1464 identita-

164 1498 208 1560 tis
223 1516 297 1559 cum
328 1498 458 1577 seipso:
477 1497 547 1560 liaeo
576 1498 664 1559 euim
687 1498 793 1560 oritur
819 1518 856 1561 ex
884 1517 922 1562 eo
949 1499 1037 1581 quod
1056 1522 1070 1557 α
1088 1500 1170 1562 ratio
1200 1501 1251 1563 bis

167 1619 183 1654 ‹
206 1595 424 1676 apprehendit
440 1594 575 1676 aliquod
605 1614 720 1671 unum,
739 1606 770 1658 et
785 1597 896 1659 statuit
911 1597 994 1660 illud
1013 1609 1047 1660 ut
1061 1598 1139 1675 duo,
1158 1601 1252 1662 etsie

166 1693 426 1776 «apprehendit
463 1692 638 1774 quamdam
675 1694 1037 1776 habitudinem'ipsius
1067 1698 1105 1760 ad
1136 1697 1170 1760 se
1199 1698 1273 1779 ip·¹
1377 1702 1378 1755 l

166 1796 379 1871 ‹sum(l).»
557 1798 564 1809 ’
1172 1798 1174 1801 ’
1236 1820 1243 1833 ·

162 1892 166 1960 i
206 1889 277 1953 207.
295 1890 404 1953 Potest
432 1897 540 1953 autem
556 1891 672 1953 relatio
688 1909 758 1953 esse
772 1891 803 1953 1⁰
819 1891 916 1953 realis
932 1892 966 1955 iu
981 1905 1120 1974 utroque
1136 1895 1248 1969 relato,

163 2006 203 2051 ac
218 1999 296 2052 tunc
309 1989 431 2051 dicitur
456 1995 577 2052 mutua.
605 1988 786 2070 AEqualitas
812 2009 840 2052 v.
858 2008 906 2070 gr.
924 1991 1010 2053 iuter
1026 1989 1107 2054 duas
1122 1993 1252 2074 quanti-

163 2097 256 2162 tates,
275 2096 306 2150 et
321 2088 481 2150 connexio
511 2088 597 2150 inter
619 2105 748 2151 causam
762 2096 793 2150 et
809 2087 959 2151 effectum
986 2098 1063 2151 sunt
1077 2068 1254 2154 relationes

164 2196 299 2250 mutuae.

164 2312 168 2320 ·
206 2286 241 2348 2⁰
254 2286 291 2348 ln
308 2278 409 2348 altero
425 2285 602 2347 relatorum
616 2284 725 2362 realis,
736 2285 770 2348 in
787 2285 889 2349 altero
905 2285 1026 2367 logica3
1043 2296 1073 2350 et
1089 2288 1158 2351 haec
1171 2287 1252 2351 dioi-

163 2394 220 2449 tur
231 2375 347 2447 relatio
361 2402 425 2445 noa
439 2390 560 2447 mutuo.
578 2384 773 2463 Huiusmodi
791 2385 965 2448 est‘relatio
982 2387 1067 2448 inter
1082 2383 1252 2448 scientiam

164 2483 336 2547 etscibile.
363 2482 442 2545 Nam
466 2482 602 2545 seientia
618 2484 657 2543 ad
676 2501 773 2546 suum
796 2483 961 2563 objectum
977 2485 1084 2565 reipsa
1100 2484 1252 2547 ordinem

164 2583 309 2659 dieit;in
325 2580 453 2661 objecto
469 2589 575 2644 autem
594 2591 717 2644 nonest
733 2582 849 2644 relatio
865 2582 962 2644 realis
977 2581 1016 2643 ad
1032 2583 1254 2659 scientem,est

165 2681 255 2745 enim
265 2681 409 2742 scientia
423 2680 587 2759 obiectum
600 2679 727 2759 aliquid
737 2679 937 2758 absolutum,
947 2680 1001 2741 sed
1015 2680 1122 2743 solum
1134 2680 1252 2761 logica,

163 2778 347 2843 secundum
373 2778 461 2858 quod
486 2779 671 2841 intellectus
688 2777 772 2840 illud
791 2788 825 2841 ut
844 2778 989 2841 scientiae
1002 2778 1178 2841 terminum
1196 2798 1253 2862 ap·-

163 2879 354 2963 prehendit.
800 2955 802 2958 v

206 2979 238 3042 5⁰
252 2980 287 3041 ln
304 2986 444 3057 utroque
459 2975 619 3039 correlato
650 2976 767 3056 logica.
784 2975 977 3056 Exemplum
996 2976 1097 3039 habes
1113 2977 1146 3039 in
1163 2977 1254 3040 iden·

161 3079 254 3141 titate
270 3077 315 3138 rei
333 3094 407 3137 oum
439 3076 557 3157 seipsa,
575 3083 610 3138 ut
625 3082 673 3138 est
689 3076 776 3137 inter
792 3074 976 3155 subjectum
993 3085 1024 3137 et
1040 3076 1253 3155 praedicatum

162 3173 414 3259 propositionis.

207 3275 279 3340 208.
296 3275 422 3338 Relatio
438 3292 538 3355 porro
565 3283 677 3336 mutua
695 3283 887 3360 potestesse
901 3283 970 3335 tum
988 3272 1134 3354 ejusdem
1151 3274 1253 3337 deno·

164 3373 371 3447 minationis,
388 3370 775 3451 tumdiversae.Ejusdem
792 3371 1070 3434 denominationis
1086 3380 1254 3451 est,quum

163 3471 416 3534 fundamentum
431 3471 599 3532 relationis
615 3463 979 3548 est'ejusdem'ratiouis
997 3469 1030 3529 in
1047 3478 1187 3549 utroque
1200 3487 1252 3531 re·

163 3570 243 3642 lato,
259 3569 440 3648 eodemque
468 3568 568 3630 modo
597 3574 775 3647 utrumque
791 3566 992 3629 denominat.
1007 3566 1092 3630 Talis
1105 3574 1152 3629 est
1167 3566 1262 3629 rela-·

162 3668 212 3730 tio
239 3666 480 3739 similitudinis,
499 3677 576 3745 puta
602 3666 688 3746 inter
714 3665 797 3728 duos
824 3665 995 3742 homiues3
1018 3674 1152 3746 propter
1168 3666 1254 3727 hauc

164 3765 255 3826 enim
272 3774 409 3845 uterque
425 3764 548 3826 dicitur
560 3764 653 3825 alteri
670 3763 802 3827 similis.
817 3763 957 3827 Diversae
969 3781 1044 3828 vero
1061 3763 1252 3828 denomina-

194 3898 227 3951 (tt
237 3895 261 3942 S·
272 3896 315 3941 Th.
326 3896 392 3942 Sum.
403 3896 434 3941 td.
448 3910 470 3954 p.
482 3896 504 3941 l.
515 3908 538 3953 q.
548 3894 615 3942 lllll.
627 3900 673 3940 art.
687 3894 738 3942 illi.
