2792 4600
441 270 530 315 uranu
553 271 674 329 aritine,
697 271 790 341 atvar
811 272 839 317 v.
1154 256 1218 319 ⁶293

126 384 224 462 (144),
244 383 341 447 aliam
361 404 430 448 esse
445 386 694 474 aptitadiaalem,
718 387 815 449 aliam
831 388 992 451 actualem.
1010 387 1069 451 illa
1081 390 1218 469 proprie
1293 419 1302 436 ν

127 483 229 546 estoit
242 484 397 547 nataralia
407 486 576 561 resistendi,
586 502 663 566 aaa,
672 496 868 567 quantamea
879 507 909 549 aa
919 497 970 563 at,
977 490 1220 570 penetrationem

128 582 1220 669 taalulimhaeaestinseparabilitasaisresistendirespectavitatteriat,

127 697 194 760 aaa
208 689 280 743 atta
292 682 327 742 ia
343 682 444 745 latam
458 702 478 743 a
492 701 614 764 empore
628 689 809 764 occupatam
827 694 983 764 penetrare
1005 686 1218 768 aaarediatar.

170 778 203 840 5⁰
218 776 566 859 impenetrabilitatem
583 799 621 842 ex
635 780 685 843 sui
700 790 815 843 natura
822 790 962 843 mutuam
969 801 1049 857 esse,
1067 791 1219 864 penetra-

128 875 291 939 bilitatem
305 896 383 940 vero
398 896 493 960 posse
523 897 671 942 essenon
692 888 844 943 mutatam.
871 879 1031 943 Videlicet
1054 881 1221 963 quidquid
1249 927 1251 932 -

128 983 177 1037 est
203 976 453 1057 impenetrabile
469 986 582 1041 contra
606 978 696 1040 aliud
726 978 973 1059 impenetrabile
995 979 1058 1041 tale
1074 988 1133 1055 est,
1151 999 1220 1045 non

127 1092 206 1136 vero
222 1083 336 1137 eontra
348 1075 380 1137 id
399 1075 486 1157 quod
503 1085 551 1139 est
566 1075 783 1158 penetrabile3
802 1077 865 1138 hoa
880 1077 968 1139 enim
987 1077 1084 1139 etiam
1100 1078 1141 1139 ab
1158 1080 1223 1141 im·

130 1173 392 1253 penetrabilibus
410 1175 573 1255 penetrari
592 1184 710 1255 potest,
728 1176 777 1237 vel
794 1175 944 1246 etiamsi
962 1176 996 1237 iu
1020 1195 1058 1238 eo
1072 1178 1142 1239 haee
1155 1177 1223 1239 vir·

131 1277 183 1332 tus
197 1272 312 1350 vigeat,
330 1282 435 1354 potest
451 1274 718 1355 impenetrabilia
736 1284 917 1356 penetrare.

173 1370 207 1433 d⁰
232 1370 578 1449 impenetrabilitatem
595 1390 665 1436 esse
680 1382 865 1436 atomorum
895 1373 1063 1454 propriam
1080 1393 1090 1450 ;
1105 1392 1225 1457 corpo-

133 1484 209 1531 rum
224 1486 300 1530 vero
320 1469 665 1550 impenetrabilitatem
688 1471 787 1533 aliam
810 1489 877 1534 non
900 1490 981 1546 esse,
1006 1490 1100 1554 quam
1123 1473 1227 1555 impe·

133 1567 388 1630 netrabilitatem
403 1577 600 1632 atomorum.

175 1667 209 1729 5⁰
226 1667 314 1729 Hane
339 1677 524 1731 atomorum
547 1668 902 1750 impenetrabilitatem,
926 1686 1018 1749 aeque
1044 1687 1081 1731 aa
1110 1687 1226 1733 aarum

136 1751 371 1842 extensionem,
382 1766 571 1829 continuam
585 1786 654 1829 esse
670 1775 816 1828 etmante
827 1766 998 1828 indefinite
1010 1766 1225 1843 divisibilem,

137 1872 311 1946 partesque
326 1883 363 1927 er
378 1884 411 1927 se
428 1864 601 1927 habentem
618 1864 827 1928 solummodo
840 1864 873 1926 iu
891 1864 1048 1945 potentia.

180 1963 252 2028 190.
272 1966 454 2026 Provosrrro
468 1962 520 2025 lv.
544 1964 687 2025 Aatnalis
708 1964 993 2044 impenetrabiliter,
1016 1965 1107 2025 etiam
1127 1965 1230 2045 quoad

139 2062 253 2138 lanam,
269 2071 311 2124 est
324 2062 627 2141 torpori-naturalis.

178 2160 326 2241 Corpora
347 2160 390 2222 ita
407 2159 630 2240 'penetrationi
657 2158 821 2240 resistere,
838 2168 874 2221 ut
888 2168 961 2222 actu
977 2178 1106 2241 semper
1122 2160 1228 2241 impe-

138 2258 1228 2341 netrabiliasint,idperpetuanosdoaetexperientia.Hinaatomos

138 2359 673 2439 naturasuaimpenetrabilesosse
684 2359 937 2421 existimandum
946 2368 993 2421 est
1006 2358 1088 2435 (141,
1098 2360 1154 2436 4⁰).
1163 2360 1229 2422 Ne·

139 2459 280 2540 queulla
288 2450 460 2538 excogitari
475 2458 683 2538 palestratio,
699 2457 829 2538 quaevel
844 2457 1056 2533 demonstret,
1066 2457 1115 2519 vel
1129 2457 1229 2520 etiam

139 2556 358 2640 probabiliter
372 2557 516 2631 suadeat,
536 2575 605 2619 esse
621 2557 655 2618 in
680 2573 838 2637 corporea
854 2565 970 2618 natura
989 2557 1053 2617 vim
1070 2556 1228 2637 aliquam,
1340 2588 1342 2591 v

140 2675 204 2739 qua
220 2656 277 2718 dat
290 2664 327 2718 ut
340 2655 439 2718 atomi
456 2654 635 2735 aliquando
648 2672 682 2715 se
699 2654 838 2716 invicem
855 2663 1035 2734 penetrent.
1053 2653 1229 2735 Nunquam

139 2755 230 2817 anim
244 2753 284 2816 ad
301 2752 510 2834 explicandas
518 2752 676 2814 ahimioas
688 2752 948 2814 combinationes
956 2751 1107 2814 autaliud
1121 2752 1229 2832 quod-

140 2870 271 2932 cunque
288 2853 550 2932 phaenomenom,
570 2850 759 2929 hypothesis
775 2850 888 2911 isthaea
902 2849 1083 2911 necessaria
1098 2857 1157 2910 est.

184 2950 259 3013 Hane
274 2951 359 3010 intra
372 2956 495 3009 naturae
511 2947 662 3011 ordinem
679 2947 816 3010 omnino
832 2955 918 3009 certa
940 2956 1026 3009 suut.
1045 2946 1129 3021 Quid
1152 2965 1230 3008 vero

143 3056 260 3128 prater
271 3056 395 3109 naturae
409 3045 677 3108 ordinemdivina
693 3046 810 3109 virtute
825 3046 894 3107 lieri
909 3045 1023 3127 possit,
1041 3043 1230 3108 alibidoae·

142 3145 266 3211 bimus.
444 3161 445 3165 ’

566 3290 731 3336 narramus
753 3290 806 3337 vll.

493 3402 534 3464 De
546 3421 708 3485 turparunt
722 3405 886 3467 nativitate.

189 3534 261 3598 191.
278 3534 442 3610 Quoniam
457 3534 565 3598 omnis
578 3551 753 3616 corporum
767 3535 912 3597 nativitas
927 3553 1002 3616 aum
1017 3536 1045 3597 vi
1062 3537 1239 3600 resistendi

148 3633 303 3709 aohaeret,
319 3633 473 3696 admonet
488 3650 548 3694 nos
563 3631 634 3710 ipse
652 3632 756 3708 lacus,
774 3644 810 3695 ut
830 3634 871 3695 de
886 3652 922 3695 ea
937 3632 1086 3714 quaedam
1102 3635 1240 3698 adnote-

150 3732 234 3797 mus.
255 3732 295 3797 Et
315 3749 454 3812 corpora
479 3730 612 3812 quidem
632 3731 793 3793 nativitate
807 3731 941 3812 praedita
957 3751 1039 3808 esse,
1053 3733 1133 3796 alibi
1163 3752 1241 3815 pro-

150 3830 263 3893 batum
294 3838 341 3893 est
357 3827 406 3908 (0.
427 3827 500 3906 281,
520 3830 600 3910 seq).
618 3829 832 3908 Physiaarum
852 3837 959 3892 autem
976 3838 1023 3892 est
1053 3830 1240 3907 ostendere,

151 3927 335 4008 eujusmodi
351 3928 421 3992 haee
435 3928 580 3991 nativitas
594 3927 648 3990 ait.
664 3925 711 3989 Er
726 3946 868 4009 quorum
884 3928 1013 4008 placitis
1028 3930 1125 4011 plana
1143 3928 1243 3993 iudu-
1309 3984 1313 3992 .
