2792 4600
477 394 565 451 trouu
587 408 706 465 neruus,
731 408 823 454 corun
846 411 890 454 m.
1182 393 1223 454 33

131 520 408 600 proportionum
429 522 527 585 etiem
554 524 767 599 insufficiens,
790 543 978 605 quanquam
1001 526 1223 588 communiter

129 636 196 683 non
211 629 396 700 superetur,
412 621 545 701 physice
561 630 669 683 tamen
686 624 837 702 superari
854 631 970 702 potest.

169 736 219 800 66.
243 735 346 817 igitur
361 753 463 817 quum
479 735 520 798 de
536 736 752 799 multitudine
768 738 879 819 aliqua
900 738 1073 800 bominum
1100 738 1220 819 agitur,

129 835 250 916 poterit
261 852 337 898 cum
349 834 547 897 certitudine
559 836 785 911 determinari,
797 835 998 925 utrumdatae
1012 836 1221 900 conditiones

128 934 288 997 moralem
302 933 604 1014 impossibilitatem
621 935 822 997 constituant
836 935 883 998 vel
904 954 1008 998 secus.
1030 934 1063 996 Si
1080 935 1169 996 enim
1186 937 1221 996 in

126 1032 170 1094 iis
195 1031 445 1095 conditionibus
470 1033 692 1096 boemicum
711 1032 1139 1117 propensiones,·et,caetera
1163 1032 1218 1092 ad·
1301 1088 1303 1107 ,

123 1130 250 1212 iuncta,
268 1129 443 1210 exquibus
463 1128 666 1191 difficultatis
683 1130 821 1209 gravitas
844 1129 978 1191 relativa
998 1130 1127 1209 pendet,
1146 1141 1223 1192 sunt

125 1228 350 1293 communiter
371 1228 500 1302 eadem,
531 1235 562 1291 et
591 1244 719 1308 gravem
750 1227 974 1290 difficultatem
1000 1228 1224 1289 communiter

126 1328 272 1406 iaciunt3
297 1327 329 1389 2⁰
344 1326 371 1388 si
395 1326 482 1390 bona
498 1345 570 1406 quse
586 1327 619 1389 in
644 1326 685 1388 iis
713 1326 961 1390 conditionibus
988 1326 1139 1389 homines
1155 1325 1219 1388 sibi

63 1463 66 1469 ·
118 1428 315 1508 fflponere
338 1432 492 1504 possunt,
522 1425 744 1488 communiter
769 1442 836 1488 non
865 1425 1160 1506 apprehenduntur
1185 1432 1221 1487 ut

125 1523 1218 1603 sufficientia;tunccertecommuniterdifficultasnonsuperntur,
1309 1606 1311 1609 Ι

98 1621 276 1711 ¹adeoque
298 1613 698 1702 moralisimpossibilitas
722 1623 895 1685 obtinebit.
923 1610 1119 1702 Exemplum
1133 1623 1219 1684 vidi-

126 1739 214 1797 mus,
233 1722 291 1784 ubi
309 1723 350 1784 de
365 1723 496 1785 testium
511 1723 684 1786 veracitate
700 1723 891 1786 aestimanda
907 1733 1013 1786 actum
1026 1732 1073 1785 est
1086 1722 1131 1800 (L.
1145 1721 1218 1795 618,

124 1823 180 1900 5⁰;
197 1820 380 1902 65156111.

170 1921 276 1994 Quum
290 1938 367 1983 vero
382 1920 422 1982 de
437 1920 576 2000 singulis
592 1921 699 2001 agitur
711 1919 903 1996 individuis,
918 1919 1081 1983 certitudo
1094 1918 1134 1979 de
1146 1936 1219 1981 mc··

126 2019 186 2081 reli
196 2019 414 2099 ,possibilitate
426 2020 475 2080 vel
488 2020 765 2100 impossibilitate,
777 2020 810 2081 in
825 2021 943 2082 iisdem
956 2017 1216 2092 conditionibus,

123 2118 191 2180 erit
213 2134 342 2198 semper
369 2118 578 2199 hypothetico
596 2120 641 2198 (L.
664 2118 737 2194 408,
754 2118 817 2196 5⁰);
848 2137 967 2199 nempe
993 2119 1100 2199 posito
1129 2115 1219 2198 quod

126 2216 336 2280 individuum
353 2226 385 2280 et
403 2218 627 2281 difficultatem
643 2220 762 2281 sentiat
777 2229 811 2281 ut
829 2221 1050 2282 communiter
1065 2217 1218 2291 sentitur,

124 2317 215 2380 etde
237 2317 334 2380 bonis
350 2320 487 2381 aestimet
501 2328 535 2381 ut
557 2320 778 2382 communiter
805 2321 995 2394 restituatur,
1013 2327 1110 2399 atque
1125 2319 1167 2381 itt
1185 2335 1220 2379 se

122 2426 216 2495 geret
232 2425 266 2479 ut
278 2418 498 2496 communiter
512 2417 663 2481 homines
676 2437 710 2480 se
726 2436 837 2497 gerere
849 2419 966 2481 solent.
982 2418 1096 2482 Utrum
1109 2425 1220 2478 autem

124 2515 318 2598 hypothesis
335 2518 404 2579 haec
416 2516 611 2593 verificetur,
629 2518 693 2580 hoc
709 2517 776 2580 sere
792 2537 919 2599 semper
937 2518 1020 2580 intra
1036 2515 1221 2598 probabili·

122 2615 202 2678 tntis
217 2616 341 2679 limites
356 2616 581 2681 continebitur
596 2619 642 2698 (L.
660 2617 731 2692 408,
746 2615 800 2696 6⁰).

556 2789 719 2844 sustentus
734 2797 780 2845 111.

535 2928 578 2991 De
595 2930 801 3011 possibilibus.
830 2908 832 2910 ι

162 3076 217 3142 67.
241 3079 420 3143 Pronostrto
435 3082 476 3145 11.
504 3078 593 3155 Quod
611 3083 752 3163 possibile
773 3090 893 3145 estnon
916 3090 958 3144 est
973 3076 1103 3145 omnino
1120 3080 1213 3143 nibil.

164 3193 294 3258 Etenim
311 3196 400 3278 quod
418 3197 577 3278 possibile
601 3208 648 3261 est
677 3200 880 3261 existentiam
902 3198 1074 3279 acquirere
1095 3204 1214 3276 potest,

118 3299 156 3354 et
171 3309 240 3356 esse
256 3294 381 3376 aliquid
402 3295 537 3377 physice
557 3314 564 3361 ε
581 3298 728 3360 nibilum
744 3308 851 3361 cutem
869 3315 935 3360 nun
953 3303 1059 3376 potest
1074 3296 1216 3358 existen·
1257 3359 1258 3362 ,

93 3423 96 3436 1
121 3391 202 3453 tiam
218 3395 400 3474 acquirere,
415 3414 632 3477 necunquam
650 3397 777 3478 aliquid
791 3416 871 3460 esse.
887 3397 1044 3459 Praetereu
1058 3393 1216 3475 possibile

53 3526 56 3532 ›
119 3490 312 3572 coneipitur
327 3512 385 3574 per
408 3512 453 3568 se,
473 3512 538 3557 non
563 3513 621 3574 per
643 3497 849 3575 negationem
877 3494 1053 3569 realitntis;
1070 3492 1215 3554 nibilum

119 3597 230 3651 nutem
260 3610 298 3653 ex
326 3594 493 3674 opposito.
521 3593 659 3675 Insuper
691 3613 743 3657 res
772 3595 946 3676 possibiles
982 3600 1014 3655 et
1038 3592 1216 3653 existentes

119 3687 238 3751 eodem
254 3700 414 3772 conceptu
437 3702 729 3774 repraesentantur;
757 3703 789 3756 at
812 3694 956 3757 nihilum
972 3709 1046 3755 cum
1063 3690 1153 3752 nuile
1180 3707 1215 3752 re

118 3787 279 3851 existente
307 3807 516 3853 communem
545 3803 740 3874 conceptum
772 3793 880 3856 babet.
911 3793 1079 3855 Postremo
1110 3806 1214 3851 unum

119 3886 280 3965 possibile
306 3889 346 3951 ab
376 3889 442 3954 alio
457 3890 566 3954 differt
588 3910 646 3973 per
669 3910 715 3968 se,
733 3901 764 3955 et
779 3893 918 3955 alterum
945 3890 985 3952 ab
1007 3888 1111 3951 altero
1126 3905 1214 3967 saepe

116 3980 284 4063 exeritum
298 3989 442 4052 nibilum
455 4010 532 4054 vero
544 4009 562 4053 a
573 3991 761 4064 nibilonoo
776 3992 884 4055 differt
896 4008 955 4070 per
966 4008 1011 4064 se,
1022 4005 1213 4070 quanquam

117 4084 303 4150 restrictive
333 4088 514 4169 accipiatur
530 4088 611 4168 (11);
642 4090 700 4152 sod
726 4091 832 4153 solum
857 4087 984 4153 ratione
1006 4087 1212 4152 diversorum
