2792 4600
184 323 247 386 bil
648 345 838 395 cosnouocm.

184 457 230 518 tia
246 457 439 533 manifestat,
456 468 487 522 et
503 461 610 523 nullas
635 479 706 524 esse
731 463 875 526 actiones
900 472 1059 539 externas,
1077 483 1159 545 quas
1173 482 1271 545 expe-

185 558 303 618 rientia
316 567 470 637 perpetua
483 559 578 623 nobis
595 560 816 641 objicitthis
829 562 972 638 demunt,
987 573 1022 625 ut
1035 563 1098 626 alia
1109 564 1270 637 omittam,

184 653 269 715 illud
284 656 502 735 praestabilitae
519 659 699 720 barmoniae
711 670 934 723 commentum
947 661 987 723 ab
1002 671 1134 725 auctore
1145 678 1205 725 suo
1220 678 1271 722 se·

157 821 161 824 ,
182 755 234 818 rio
250 757 391 838 proponi
409 766 443 820 nt
458 757 724 840 philosophicam
740 760 949 843 hypothesim
965 762 1167 825 arbitretur?
1182 761 1272 824 Patet

180 870 261 935 crgo
276 856 518 921 leibnitzianam
534 859 713 923 monadum
728 861 890 923 theoriam
907 861 942 924 in
964 862 1118 944 plurimis
1133 861 1272 925 arbitra·

183 969 265 1015 mam
283 972 365 1019 esse.

224 1055 276 1118 48.
300 1053 365 1116 Nec
382 1055 490 1118 minus
505 1064 613 1136 aperta
641 1065 689 1118 est
717 1055 862 1134 ejusdem
892 1057 1088 1121 absurditas.
1104 1057 1271 1122 Sufficiant

183 1152 254 1215 baec
269 1153 346 1228 duo,
364 1155 452 1235 qnod
470 1155 502 1216 l⁰
518 1155 612 1235 ponit
627 1155 664 1216 in'
678 1172 882 1236 unoquoque
898 1174 1049 1238 corpore,
1065 1166 1096 1220 et
1111 1156 1145 1219 in
1158 1157 1270 1237 quavis

182 1251 253 1332 ejus
270 1253 421 1334 portione
436 1253 592 1316 monades
618 1271 758 1318 numero
782 1254 938 1320 infinitas.
956 1255 1019 1318 Sed
1036 1265 1270 1337 preterquam·

181 1354 272 1434 qnod
305 1370 463 1416 numerus
486 1354 634 1424 infinitus
657 1363 828 1434 repugnat,
854 1355 939 1418 illud
961 1374 1000 1419 ex
1024 1359 1084 1419 bac
1107 1358 1272 1438 positione

182 1452 368 1514 necessario
383 1452 647 1516 concludendum
664 1454 771 1517 foret:
790 1454 940 1516 omnium
957 1472 1135 1537 corporum
1150 1474 1271 1518 massas

182 1549 269 1613 inter
283 1569 317 1613 se
332 1550 474 1632 aequales
490 1570 571 1624 esse,
591 1552 832 1632 minimamque
848 1553 998 1633 corporis
1013 1556 1112 1617 nnius
1128 1555 1272 1635 particu-

183 1650 261 1724 lam,
306 1649 414 1730 quoad
458 1666 631 1712 numerum
679 1650 931 1723 elementorum,
968 1660 1072 1715 totum
1109 1652 1271 1716 mundum

180 1766 324 1830 aequare.
1103 1744 1106 1751 ’

225 1846 258 1908 2⁰
271 1846 369 1910 Ponit
380 1864 513 1927 quoque
523 1845 692 1921 monades,
703 1848 908 1928 quaennllam
920 1849 1141 1913 extensionem
1152 1851 1272 1914 babent

183 1964 222 2009 ac
238 1955 394 2026 punctum
412 1945 620 2008 solummodo
637 1955 810 2026 occupant,
826 1947 868 2010 ita
885 1966 918 2008 sc
934 1948 1136 2029 contingere,
1152 1959 1187 2011 nt
1197 1952 1271 2013 nul-

185 2045 255 2108 lum
271 2047 357 2107 inter
372 2046 462 2126 ipsas
475 2062 613 2107 vacuum
628 2045 671 2110 sit
687 2046 908 2126 interjectum.
926 2047 976 2122 At,
994 2048 1272 2128 quemadmodum
1292 2042 1295 2048 ”

186 2151 296 2207 contra
326 2142 493 2205 Zenonem
522 2151 768 2222 argumentatur
794 2145 983 2209 Aristoteles
1005 2149 1055 2225 (tl,
1072 2147 1138 2210 duc
1154 2155 1274 2227 puncta

185 2261 259 2326 quae
288 2242 332 2306 ita
357 2260 391 2304 se
416 2240 624 2322 contingunt,
642 2243 675 2304 in
692 2259 797 2305 unum
812 2254 969 2324 punctum
985 2244 1182 2309 coalescunt.
1197 2241 1274 2318 Qua
1327 2306 1330 2315 ,

164 2328 276 2406 ⁸enim
300 2341 481 2404 seeundum
507 2358 541 2402 se
557 2349 623 2403 tota
638 2359 672 2403 se
688 2350 836 2421 tangunt,
855 2360 919 2405 non
936 2352 1011 2405 snnt
1025 2355 1172 2423 separata
1188 2345 1272 2418 loco,

187 2420 243 2505 sed
262 2459 296 2503 se
312 2441 452 2503 invicem
468 2448 649 2519 penetrant,
667 2441 714 2501 uti
732 2450 904 2519 geometrae
925 2441 1056 2504 docent.
1083 2443 1172 2505 Binae
1197 2459 1274 2522 ergo

188 2540 346 2605 monades
371 2557 444 2619 quae
466 2557 500 2599 se
522 2538 729 2619 contingunt,
754 2556 856 2601 unum
873 2538 1100 2602 tantuminodo
1115 2549 1273 2620 punctum

150 2632 154 2651 ⁸
187 2648 362 2722 occupant.
379 2637 518 2701 Accedat
531 2637 625 2698 tertia
636 2655 761 2712 monas,
773 2637 1040 2700 commiscebitur
1052 2639 1133 2713 illis;
1145 2638 1275 2700 accedat

188 2748 315 2822 quarta,
333 2737 459 2819 quinta,
476 2747 574 2808 sexta,
589 2735 679 2798 etita
695 2753 812 2816 porro:
830 2754 944 2799 omnes
956 2737 989 2797 in
1003 2753 1105 2798 unum
1119 2746 1274 2817 punctum

189 2839 384 2905 coalescent.
402 2837 470 2899 Hoc
485 2845 578 2915 pacto
595 2835 628 2896 in
647 2835 861 2898 leibnitziano
883 2843 1053 2916 systemate
1068 2835 1158 2897 nulla
1174 2834 1274 2897 babe-

188 2946 281 3004 retur
295 2935 504 3008 continuitas,
519 2949 579 2996 nec
593 2933 690 2995 realis
706 2953 766 2997 nec
779 2952 952 3015 apparens,
965 2934 1021 2996 sed
1033 2943 1120 2997 totus
1132 2933 1275 2996 mundns
1375 2964 1380 2973 ·

189 3038 289 3102 unico
306 3040 427 3115 puncto
443 3033 677 3095 contineretur.
1248 3055 1250 3057 ·

231 3133 284 3200 49.
310 3133 487 3195 Prorostrro
500 3129 556 3193 lll.
581 3129 720 3209 Syrtenc
735 3148 851 3210 quoque
865 3130 1076 3192 elementorum
1089 3131 1275 3211 simplicium

189 3256 211 3299 u
226 3230 422 3296 Roreovt'clu'o
442 3229 629 3289 adornatum
649 3245 703 3288 nec
723 3227 869 3308 proruitis
883 3223 1098 3290 astutioltt‘bus
1110 3238 1205 3304 curet,
1221 3247 1276 3290 nec

185 3329 401 3396 inconveniens
414 3344 502 3388 omne
513 3325 637 3389 devitat.

231 3426 359 3492 Etenim
374 3424 514 3504 gratuito
522 3424 691 3496 asseritur,
702 3431 737 3484 nt
746 3421 920 3484 minimum
933 3422 1053 3498 dicam,
1062 3422 1276 3485 vimattracti-

188 3546 260 3596 uam
277 3522 449 3607 qnaennlla
462 3530 510 3582 est
525 3523 558 3582 in
574 3521 693 3583 virium
710 3530 834 3593 centro,
854 3520 886 3581 in
903 3520 1014 3601 aliqua
1026 3520 1145 3582 deinde
1157 3521 1197 3583 ab
1211 3522 1275 3584 boc

187 3635 303 3692 centro
322 3620 474 3685 distantia
490 3620 598 3701 primo
614 3620 730 3694 exseri,
748 3629 779 3681 et
795 3619 880 3680 intra
894 3620 1030 3699 aliquod
1045 3619 1187 3699 spatium
1202 3638 1273 3681 cre·

186 3733 298 3787 scente
314 3721 467 3782 distantia
496 3734 653 3780 crescere.
684 3717 865 3780 Gratuitum
891 3734 1024 3798 qnoque
1038 3727 1097 3793 est,
1114 3718 1274 3797 cujusque

186 3821 351 3902 simplicis
372 3816 525 3880 elementi
542 3815 620 3889 vim,
637 3832 697 3894 pro
714 3814 943 3877 distantiarum
958 3816 1156 3893 diversitate,
1173 3816 1273 3879 modo

184 3919 383 4001 repulsivam
398 3934 480 3992 esse,
496 3916 595 3978 modo
609 3914 821 3992 attractivam‚
833 3925 866 3978 ct
877 3933 895 3976 a
908 3915 1072 3996 repulsiva
1083 3916 1117 3978 in
1131 3917 1273 4011 attracti·

209 4050 247 4105 {tl
261 4048 333 4108 Phys.
345 4047 410 4097 vtlt.
