2792 4600
433 357 520 403 ornan
542 356 662 415 eamne,
685 356 778 401 carun
800 356 845 402 ιιι.
1128 338 1190 401 247

94 489 137 535 se
162 488 200 535 ao
225 472 352 535 ratione
367 472 431 549 sui,
448 473 525 536 lieet
540 473 660 549 adhuc,
677 463 820 553 eoquod
838 472 943 554 posita
958 472 1107 537 conditio
1122 490 1191 539 non
1241 551 1249 570 ς

97 579 162 644 est,
175 570 330 634 effeetum
346 589 443 634 suum
470 589 537 635 non
562 572 768 652 produxerit.
785 571 878 634 Certe
893 573 1096 636 eontrarium
1112 593 1189 655 pro·

98 669 172 733 bari
200 686 268 732 non
295 671 426 750 poterit,
444 688 518 734 eum
537 671 763 746 haeereatitas,
780 671 866 733 utin
889 688 925 734 se
940 681 999 749 est,
1023 671 1191 754 incognita

94 766 223 848 euique
237 785 309 830 esne
323 767 451 831 debeat.
1057 824 1059 828 .

143 866 177 926 2⁰
192 865 266 929 fleo
278 864 394 947 opinio
405 865 529 942 statuit,
543 865 765 929 extensionem
779 865 947 946 physicam
963 884 1000 928 ao
1015 866 1190 930 resistendi

98 963 167 1025 vim
191 981 261 1026 esse
276 963 356 1027 duas
374 963 537 1027 realitates
552 964 737 1039 distinctas,
754 973 791 1027 ut
804 982 878 1045 quae
893 982 909 1025 a
926 963 1057 1026 duobus
1070 964 1189 1027 distin·

94 1060 163 1124 etis
190 1061 365 1143 principiis
391 1062 560 1133 resultare,
585 1073 616 1125 et
638 1062 724 1125 inter
745 1081 780 1125 se
801 1064 1046 1143 oppasitionem
1071 1061 1192 1125 habere

100 1160 271 1225 dicuntur.
287 1160 387 1243 Atqui
402 1170 526 1224 veteres
545 1170 672 1224 tantum
687 1160 777 1223 abest
793 1169 828 1223 ut
845 1179 942 1223 unam
958 1161 999 1223 ab
1023 1161 1124 1222 altera
1140 1160 1190 1221 di-

8 1263 9 1334 3
95 1258 314 1340 extinguerent,
345 1268 382 1322 ut
410 1260 478 1323 imo
511 1277 612 1321 unam
634 1258 811 1320 definirent
835 1276 892 1338 per
913 1259 1060 1321 aiteram.
1085 1257 1190 1323 Testis

97 1366 151 1420 est
174 1357 258 1420 mitri
275 1358 474 1433 luculentus,
492 1367 611 1440 praeter
629 1359 725 1433 alios,
742 1358 925 1432 Suaresius,
942 1357 999 1439 qui
1017 1368 1191 1438 postquam

8 1429 9 1512 ἶ
100 1455 226 1531 statuit,
243 1454 459 1537 quantitatem
474 1474 545 1519 esse
559 1454 700 1519 formam
722 1455 855 1518 dantem
877 1456 976 1518 rebus
997 1471 1189 1535 corpoream

8 1549 10 1564 '
99 1552 224 1616 molem
240 1553 289 1615 vei
313 1552 549 1627 extensionem,
578 1551 819 1640 iilioqsubdit:
843 1577 857 1609 ι
881 1552 966 1625 Quid
982 1570 1058 1616 vero
1074 1554 1117 1615 sit
1132 1552 1190 1613 ha-

8 2017 15 2106 i

8 2193 9 2258 ι

99 1651 201 1714 ahere
216 1650 337 1715 molem
364 1667 569 1731 corpoream,
593 1650 761 1713 declarare
776 1669 843 1715 non
861 1669 1034 1733 possumus
1050 1651 1114 1714 nisi
1132 1669 1190 1732 per
1304 1647 1306 1650 ’

101 1772 119 1810 ι
143 1750 294 1815 ordinem
306 1751 347 1814 ad
363 1750 454 1814 hune
469 1751 630 1826 effoetum,
654 1751 712 1833 qui
729 1752 1072 1832 estenpeltereaimilem
1082 1752 1192 1813 motem

103 1871 120 1908 ι
143 1850 294 1913 abeodem
308 1852 421 1933 spatio,
453 1867 521 1914 non
546 1850 683 1932 quidem
699 1859 812 1915 actu...
830 1849 887 1913 sed
903 1851 1087 1931 aptitudine
1101 1854 1148 1929 ir).
1174 1870 1189 1907 r

93 1945 208 2028 Supra
219 1960 327 2013 autem
338 1959 493 2031 tanquam
507 1951 680 2030 synonima
693 1951 761 2012 haee
773 1949 839 2014 duo
851 1949 1193 2030 usurpaveratwepei·
1229 1989 1234 1998 -

98 2047 160 2109 lere
173 2049 301 2111 similem
315 2050 424 2114 molem
436 2051 475 2111 ab
489 2050 588 2111 eodem
605 2050 721 2131 spatio,
742 2059 773 2112 et
798 2049 932 2112 renatae
946 2049 995 2110 titt
1008 2068 1046 2110 ne
1059 2049 1095 2110 in
1110 2047 1192 2110 idem

92 2146 449 2229 spatiaminqredt‘otur.
467 2146 648 2228 Pluresque
673 2156 750 2209 sunt
778 2147 863 2209 inter
891 2146 1104 2210 scholasticos
1132 2144 1192 2227 qui

7 2322 8 2325 Ἴ
96 2246 325 2310 extensionem
354 2245 541 2310 definiunt:
558 2247 734 2310 naturalem
758 2249 893 2327 eorporis
913 2244 1189 2328 impenetrabilite-

7 2402 8 2405 ,
95 2351 159 2406 tem
176 2347 226 2423 (a).
242 2346 457 2409 Communem
470 2364 546 2410 vero
561 2348 756 2409 sententiam
775 2334 859 2409 tiano
874 2345 985 2421 inisse,
1006 2363 1072 2409 non
1090 2344 1190 2407 unius

8 2462 9 2485 ι
99 2450 231 2505 tantum
244 2437 275 2505 et
288 2445 435 2520 atterius,
451 2454 538 2525 patet
549 2445 599 2507 nei
609 2463 647 2508 ex
660 2462 711 2536 ep,
725 2444 813 2524 quod
827 2443 1122 2524 impenetrabilitas
1133 2460 1191 2505 seu

98 2541 300 2619 resistentia,
317 2561 505 2625 quanquam
517 2544 561 2606 sit
576 2554 770 2624 perpetuum
787 2543 996 2623 experientiae
1011 2541 1206 2622 objectum,

98 2649 246 2704 tamena
267 2641 431 2705 veteribus
447 2642 533 2705 inter
551 2643 636 2704 vires
651 2652 682 2704 et
701 2640 873 2723 qualitates
888 2641 1038 2721 eorporis
1055 2658 1121 2704 non
1138 2657 1189 2703 re·

95 2749 265 2816 censetur,
279 2758 339 2804 nee
351 2741 393 2819 de
403 2758 441 2804 ea
452 2741 514 2804 sub
524 2734 585 2805 hoe
597 2741 733 2804 nomine
745 2758 891 2822 unquam
900 2739 934 2803 fit
947 2738 1089 2816 mentio;
1102 2737 1192 2801 vide-

8 2850 9 2875 i
97 2838 180 2902 iioet
200 2840 279 2922 quia
294 2840 381 2922 apud
401 2841 491 2923 ipsos
506 2840 678 2904 resistendi
702 2841 750 2902 vis
764 2840 803 2903 ad
820 2840 1034 2922 quantitatem
1057 2857 1188 2903 revoca·

8 2980 9 2985 κ
100 2937 214 3001 batur.

141 3039 178 3102 3⁰
192 3040 232 3103 Ut
247 3038 351 3119 liquet
365 3057 403 3102 ex
415 3039 616 3121 argumentis
628 3057 701 3120 quae
713 3039 852 3101 afferunt
867 3039 924 3119 qui
937 3039 980 3100 ita
996 3037 1188 3119 opinantur,

99 3145 248 3201 statuunt
266 3137 403 3201 formam
419 3137 519 3201 atomi
535 3156 605 3201 esse
622 3147 721 3200 totam
738 3136 772 3198 in
786 3146 852 3200 tota
870 3137 969 3201 atomi
986 3136 1190 3213 extensione,

98 3245 251 3321 ettotam
271 3237 305 3300 in
321 3237 460 3318 singulis
474 3237 543 3316 eius
566 3236 729 3317 partibus3
748 3254 787 3298 ex
803 3254 869 3317 qno
884 3234 1100 3316 consequitur
1122 3235 1190 3298 ior·

7 3322 8 3373 ³
98 3352 192 3399 mam
205 3335 417 3411 materialem,
432 3336 530 3398 etiarn
544 3334 652 3416 prouti
668 3345 716 3397 est
728 3336 761 3395 in
775 3333 932 3415 subiecto,
948 3332 1068 3395 habere
1080 3340 1191 3397 exten·

100 3435 233 3501 sionem
251 3435 412 3497 virtualem
441 3443 477 3496 ut
505 3435 625 3509 anima,
650 3433 705 3496 sed
737 3451 803 3498 non
827 3432 1051 3496 extensionem
1071 3432 1190 3512 sormo-

81 3572 85 3577 -
101 3535 176 3598 nm.
193 3532 249 3597 Ast
265 3534 329 3596 hoo
344 3551 476 3615 quoque
492 3532 588 3613 longe
604 3532 736 3595 distata
752 3530 880 3613 placitis
904 3530 1190 3594 scholasticorum.

7 3624 8 3643 ³
100 3634 198 3696 Juxta
215 3648 299 3712 quos
314 3634 422 3693 omnis
442 3630 578 3711 quidem
602 3630 717 3704 forma,
736 3638 773 3693 ut
798 3629 895 3692 etiam
912 3627 1047 3689 materia
1071 3627 1189 3706 prima,

52 3788 55 3791 .
77 3729 245 3811 *simplex
257 3738 317 3805 est,
335 3728 412 3809 quia
424 3746 462 3790 ex
478 3727 625 3809 partibus
640 3728 869 3791 essentiaiibus
883 3744 951 3790 non
965 3735 1092 3789 constat
1107 3744 1116 3802 ;
1133 3725 1190 3791 sed

100 3846 172 3892 non
188 3827 297 3892 omnis
311 3827 415 3892 torma
427 3826 595 3892 inextenea
609 3837 678 3904 est;
695 3828 834 3909 proinde
849 3827 958 3889 omnis
973 3824 1078 3889 torma
1093 3835 1141 3890 est
1156 3827 1195 3890 in
1232 3872 1247 3891 ι

129 3979 167 4033 fl)
178 3977 234 4024 Met.
251 3977 317 4034 Disp.
330 3977 379 4024 XL.
391 3982 449 4023 seut.
461 3976 500 4030 lv,
511 3977 523 4032 Ι
534 3976 571 4021 16.

129 4050 165 4108 (Ξ)
177 4050 475 4111 cte1.gr.to.aaptistam
487 4048 694 4100 DeBanediotisin
704 4062 746 4096 sua
757 4049 963 4110 Pdii.periput.'i.
973 4049 1014 4104 1v,
1024 4048 1074 4098 Lib.
1088 4048 1121 4106 11,
1132 4060 1153 4096 c.
1159 4046 1195 4096 11.
