2792 4600
408 312 496 359 clean
516 312 677 371 secuunus,
701 312 792 360 curua
814 313 860 361 nr.
1104 329 1106 332 ·
1128 296 1186 360 351

107 434 270 515 quiescere
283 447 470 512 possumus.
487 431 529 494 At
542 448 627 510 pone
639 428 710 492 dies
719 430 793 494 illos
801 450 856 493 sex
864 430 1023 513 temporis
1031 433 1188 513 periodos
1239 407 1244 419 ’

107 514 214 608 luisse,
245 539 341 592 tantae
358 528 583 591 diuturnitatis
606 537 726 610 quanta
753 531 901 612 adopus
924 523 1106 595 secundum
1130 533 1186 596 Dei

106 634 189 713 leges
199 628 496 694 consummandum
506 626 736 709 requirebatur
750 640 865 710 :atque
879 631 942 693 hoc
954 632 1010 694 nbi
1025 633 1182 712 posueris,

106 748 169 796 uno
190 730 288 792 veluti
306 729 371 790 ictu
385 727 592 789 difficultates
605 737 636 788 et
652 727 789 790 rationis
805 738 836 790 et
858 724 1003 792 scientim
1020 731 1184 812 profligas,

104 829 256 893 omnibus
271 828 484 906 geologorum
501 824 628 904 placitis
646 823 766 910 lactum
783 835 832 888 est
846 828 924 888 satis
939 846 947 903 ;
960 837 993 891 et
1005 847 1069 892 uon
1086 829 1186 893 modo

104 928 191 992 nulla
209 936 259 988 est
279 925 421 1005 amplius
442 923 624 1003 geologiam
650 923 736 985 inter
756 942 794 986 ac
816 926 991 987 mosaicam
1015 927 1186 991 historiam
1221 921 1224 926 ’

103 1025 278 1100 discordia,
296 1022 352 1086 sed
369 1033 416 1085 est
432 1021 609 1084 concordia
624 1031 724 1096 tanta,
742 1032 778 1084 ut
789 1022 882 1085 lateri
899 1025 1040 1106 quisque
1058 1026 1185 1103 debeat,

104 1124 287 1191 mirabilem
299 1139 590 1204 prorsuseamesse
602 1121 1187 1205 acdivinamhistorian1,quaeomues

105 1235 224 1289 nature
240 1223 446 1303 indagatores
462 1222 496 1283 iu
513 1234 577 1283 tam
593 1221 921 1297 abditisveritatibus
938 1225 1187 1305 promulgandis

106 1323 277 1407 prevenit,
294 1330 326 1385 et
344 1322 411 1400 J‘am
431 1319 543 1382 indca
569 1321 789 1384 vetustissima
810 1331 901 1385 aetele
916 1341 953 1384 aa
974 1323 1096 1400 docuit,
1114 1343 1187 1406 quae

106 1430 174 1503 post
185 1423 287 1483 multe
299 1419 417 1482 saecula
433 1418 679 1499 multorumque
694 1418 835 1495 labores·
850 1420 902 1483 vix
924 1421 1045 1484 nostris
1060 1429 1187 1503 tempo·

27 1589 28 1598 ,
105 1522 205 1594 ribus,
221 1520 378 1583 omnibus
397 1517 784 1608 adhibitisadminiculis
799 1519 1022 1598 scientiarum,
1040 1522 1187 1603 reperire

27 1611 28 1614 '
105 1619 232 1685 taudem
256 1638 294 1681 ex
310 1627 401 1699 parte
417 1618 524 1698 potuit
541 1619 721 1680 humanum
737 1619 919 1700 ingenium.

76 1749 80 1752 ·
142 1718 383 1784 concludemus
402 1736 441 1779 ex
456 1716 554 1779 dictis
574 1718 756 1797 bucusque,
773 1727 805 1779 et
827 1719 1000 1796 rationem,
1017 1730 1048 1782 et
1074 1718 1187 1782 obser·

104 1819 276 1890 vallonem,
290 1814 679 1878 ettraditionemomnem
694 1814 843 1894 probare,
858 1816 974 1879 mundi
984 1817 1187 1881 molitionem

105 1925 223 1980 naturae
239 1915 366 1978 viribus
381 1931 398 1976 a
420 1914 532 1977 divino
550 1912 668 1994 opillce
684 1914 876 1995 permissam
900 1933 981 1991 esse,
998 1933 1034 1979 aa
1050 1917 1084 1979 in
1106 1927 1187 1980 tem·

105 2018 190 2096 poris
203 2014 412 2096 successione
427 2012 617 2093 perlectam.

526 2160 689 2208 tnvlcuutls
712 2163 761 2207 lll.

363 2276 375 2300 ¹
399 2275 505 2340 Breuis
519 2276 719 2358 cosmopaeia
732 2275 939 2339 adumbratio.
984 2257 990 2267 ‘

93 2436 97 2437 ⁷
142 2414 214 2478 518.
227 2412 397 2492 Superest,
407 2418 516 2490 atquo
532 2407 650 2472 ordine
662 2406 777 2470 mundi
795 2408 898 2471 moles
910 2408 1034 2484 effecta,
1051 2417 1189 2473 aeterra

105 2530 200 2596 qnam
216 2512 396 2577 incolimus
414 2509 551 2572 formata
567 2507 676 2583 luerit,
698 2507 841 2569 breviter
862 2507 1049 2572 innuamus.
1069 2510 1189 2574 lnutile

107 2630 237 2696 prorsus
254 2619 314 2686 est,
330 2611 363 2672 ul
390 2625 646 2672 commemorem
672 2606 862 2669 arbitrarius
884 2607 957 2669 illas
971 2618 1003 2670 et
1025 2608 1188 2672 obsoletas

106 2714 331 2795 cosmogonias
344 2720 375 2774 et
386 2708 561 2791 geogonias
571 2726 643 2789 quac
656 2708 689 2770 in
703 2724 777 2771 eum
790 2707 888 2789 unice
900 2706 998 2770 linem
1011 2725 1029 2769 a
1041 2710 1187 2790 prolenis

106 2812 302 2896 quibusdam
313 2807 699 2893 anptoribusinmedipm
710 2804 1014 2886 prolatoevidentur,
1024 2815 1060 2870 ut
1070 2808 1188 2890 Moysis

106 2912 283 2977 narrationi
309 2908 583 2973 contradicerent.
616 2905 678 2967 llas
701 2904 790 2965 enim
812 2920 928 2966 omnes
950 2904 1099 2967 funditus
1123 2911 1186 2985 iam

107 3010 216 3075 evertit
230 3006 393 3091 geologia.
408 3005 513 3068 Simul
528 3021 627 3085 porro
642 3002 770 3065 collatis
786 3001 884 3082 hujus
899 3001 1044 3064 scientiae
1055 3005 1187 3068 conclu·

106 3107 254 3173 sionibus
275 3122 350 3168 cum
366 3105 408 3166 iis
427 3120 501 3184 que
521 3118 612 3163 sacra
633 3100 729 3162 docet
749 3099 898 3174 historia,
923 3099 992 3161 baec
1013 3110 1187 3166 eventuum

105 3207 204 3272 series
216 3207 253 3267 in
269 3202 384 3266 mundi
401 3200 592 3283 primordiis
608 3199 708 3262 luisse
723 3197 873 3261 videtur:

142 3304 215 3375 519.
234 3300 406 3383 Principio
427 3299 549 3362 creavit
574 3300 658 3362 Deus
682 3296 854 3359 materiam
877 3312 1009 3358 omnem
1026 3307 1091 3359 tam
1107 3316 1188 3379 pon·

107 3404 285 3470 derabilem
309 3418 408 3483 quani
428 3396 748 3479 imponderabilem;
765 3394 1015 3476 ponderabilem
1031 3394 1066 3456 in
1083 3399 1188 3463 varias

106 3520 225 3569 massas
251 3498 474 3573 distributam,
498 3495 793 3579 imponderabilem
817 3511 1059 3576 quaquaversus
1089 3497 1186 3561 dillu-

107 3620 182 3667 sam.
207 3603 318 3666 llassm
341 3615 440 3681 porro
464 3596 606 3659 materiae
622 3593 847 3679 ponderabilis
869 3594 1066 3674 opportunis
1080 3612 1187 3658 secer-

108 3704 266 3765 nebantur
287 3696 479 3770 intervallis,
504 3712 542 3757 ac
563 3703 611 3758 tot
630 3703 723 3757 eraut
748 3707 897 3762 numero,
922 3701 1003 3771 quot
1017 3690 1125 3754 sidera
1150 3711 1188 3758 ee

108 3799 439 3881 planetas‘arcbetypa
454 3793 569 3856 mundi
593 3792 666 3855 idea
681 3790 895 3872 prefiniebat.
911 3789 1188 3857 lntnvisibilibus

110 3899 196 3964 bisce
216 3903 249 3959 et
274 3893 502 3975 incompositis
518 3902 716 3965 atomorum,
738 3900 773 3953 ut
789 3889 832 3950 ita
855 3889 975 3963 dicam,
1000 3887 1188 3968 agminibus

108 4006 171 4063 tota
186 3994 395 4079 physicarum
417 3988 682 4054 vicissitudinum
703 3985 816 4060 series,
840 3995 928 4050 totus
950 3985 1051 4048 lutari
1068 3987 1187 4052 muudi
