2792 4600
163 349 223 413 136
472 354 474 357 ’
611 367 784 418 onroaoan.

161 482 309 560 quamvis
331 488 464 544 externa
485 481 687 561 experientia
703 484 807 546 solam
830 480 991 544 factorum
1006 479 1249 544 successionem

162 578 325 655 exhibeat,
342 579 484 660 experiri
508 588 616 642 tamen
632 597 693 643 nos
709 580 827 643 intimo
854 597 950 641 seusu
967 578 1163 642 nativitatem
1189 594 1251 640 no·

161 685 283 738 stram:
302 675 492 739 immediate
507 677 597 739 enim
613 677 697 738 milri
712 677 811 759 refert
826 695 941 740 sensas
958 677 1093 739 intimus
1109 675 1249 739 activum

163 773 324 836 inflexum
351 773 408 854 qui
424 792 442 834 a
458 792 510 836 me
526 775 683 849 dimanat,
702 775 769 836 sive
788 792 890 855 quum
918 775 1081 855 meipsum
1097 774 1248 848 immuto,
1345 818 1348 824 ·

161 871 228 933 sive
243 889 347 952 quum
363 871 397 933 in
414 872 587 953 proprium
603 890 724 954 corpus
741 873 850 935 nisum
866 890 1013 936 exerceo.
1032 874 1088 937 Est
1099 889 1176 952 ergo
1189 869 1250 933 lal-

162 987 235 1031 sum
262 988 320 1050 per
335 970 571 1050 experientiam
599 971 693 1034 nullo
720 971 818 1033 modo
834 971 1059 1035 causalitatem
1082 969 1249 1049 cognosci.

161 1067 340 1131 Fatendum
356 1078 465 1131 tamen
492 1083 552 1141 est,
571 1070 835 1149 intelligentiam,
853 1070 932 1131 dum
959 1074 993 1131 in
1017 1070 1099 1131 lacta
1118 1069 1181 1157 illa
1196 1069 1250 1129 in·

161 1183 253 1229 terna
269 1186 303 1230 se
319 1167 469 1242 reflectit,
479 1178 511 1229 et
525 1169 717 1231 exercitium
727 1167 898 1230 activitatis
908 1168 1034 1248 proprii
1051 1167 1250 1248 subjecti,nt

72 1288 74 1293 ·
162 1283 260 1326 sensu
276 1265 411 1328 offertur
428 1265 787 1346 intuendum,attingit,
804 1284 864 1327 nec
878 1265 1079 1346 principium
1094 1264 1181 1326 unde
1194 1264 1253 1326 illa

162 1363 246 1425 actio
260 1364 418 1439 dimanat,
435 1364 595 1444 neuquid
610 1367 695 1427 actio
713 1358 783 1445 ipsa
799 1364 842 1427 sit
858 1366 892 1425 in
908 1383 954 1439 se,
972 1364 1120 1425 contueri
1137 1378 1251 1442 posse;

162 1462 219 1523 sed
242 1462 350 1524 solum
372 1465 557 1542 genericam
582 1471 615 1525 et
637 1463 923 1524 indeterminatam
952 1479 1056 1524 causae
1081 1462 1253 1523 notionem

161 1560 345 1640 acquirere.
368 1560 605 1640 cognoscimus
629 1561 728 1640 igitur
750 1561 831 1640 quid
863 1564 905 1621 sit
927 1578 1022 1623 causa
1051 1560 1083 1620 in
1108 1576 1250 1638 genere,

163 1675 230 1720 non
253 1667 361 1720 tamen
385 1660 614 1738 cognoscimus
630 1659 710 1739 quid
728 1660 770 1720 sit
793 1660 826 1719 in
842 1660 952 1740 specie
977 1676 1087 1742 rernm
1104 1655 1252 1736 singula-

162 1773 236 1818 rum
259 1755 417 1819 activitas.
434 1756 498 1818 Sed
526 1758 596 1819 lraec
623 1758 696 1818 idea
721 1756 881 1836 generalis
908 1757 1039 1818 abunde
1065 1754 1184 1817 sufficit
1209 1754 1252 1814 ad

163 1853 367 1934 principium
383 1854 579 1918 causalitatis
605 1855 873 1917 constituendum
888 1871 896 1918 ;
914 1872 932 1915 a
948 1854 1114 1935 principio
1140 1861 1251 1914 aulem

162 1954 373 2029 causalitatis,
391 1964 423 2015 et
438 1971 497 2033 per
511 1954 739 2015 inductionem
754 1971 827 2032 qnae
844 1953 906 2034 ipsi
924 1953 1079 2015 innititur
1100 1951 1147 2030 lb.
1162 1950 1249 2029 506),

162 2052 311 2113 veritates
326 2070 442 2115 omnes
461 2044 733 2133 experimentales
749 2053 994 2115 universitatem
1009 2051 1185 2132 accipiunt.

204 2150 277 2212 275.
300 2152 470 2213 Postremo
500 2151 703 2232 principium
730 2151 834 2214 illud:
858 2149 1000 2229 (uturum
1027 2161 1069 2212 cat
1093 2152 1250 2231 preterito

161 2252 269 2326 simite,
286 2270 324 2313 ex
350 2251 477 2332 duplici
504 2250 671 2333 principio
698 2250 840 2314 evidenti
867 2252 1088 2326 concluditur,
1106 2265 1251 2330 quorum

163 2352 308 2430 primum
334 2362 382 2414 est
396 2369 404 2415 ;
420 2370 515 2413 consu
540 2355 721 2426 necessaria,
738 2351 844 2432 positia
869 2352 1009 2413 omnibus
1033 2351 1185 2431 requiritis
1206 2350 1250 2410 ud

161 2450 326 2530 egendum,
342 2454 510 2513 necessario
538 2453 604 2532 ugit
633 2449 717 2530 (adl,
740 2449 803 2528 4⁰),
837 2467 954 2530 nempe
985 2450 1069 2531 (quae
1099 2449 1250 2512 conditio

161 2564 291 2629 semper
319 2549 354 2610 in
378 2551 430 2611 his
458 2550 686 2612 subaudienda
707 2554 765 2628 est)
784 2549 848 2611 nisi
877 2548 998 2611 libertus
1018 2550 1162 2610 mentoris
1181 2564 1251 2608 com

161 2647 319 2726 impediat.
335 2649 482 2712 Alterum
497 2666 505 2713 :
520 2651 674 2730 rapientia
694 2652 839 2712 cremaris
858 2650 1004 2729 postulat,
1022 2658 1056 2710 ut
1080 2665 1249 2710 cansarum

161 2747 357 2809 cucurutium
374 2749 559 2811 nativitatem
586 2750 632 2811 oei
659 2759 821 2829 nunquam
844 2748 891 2809 ecl
909 2748 1066 2809 rarissime
1084 2747 1245 2827 impediat.

162 2844 230 2917 Qua
246 2845 286 2906 de
302 2863 337 2907 re
351 2845 560 2910 alibilusius.
1316 2847 1318 2850 ’

202 2942 275 3007 276.
290 2942 337 3005 Ex
353 2945 405 3006 his
430 2956 517 3026 patet
532 2944 620 3007 unde
645 2963 750 3007 causae
766 2943 838 3006 idea
863 2943 1041 3006 exoriatur.
1057 2941 1192 3022 Nempe,
1211 2952 1247 3004 ut

160 3041 241 3102 alibi
262 3059 456 3123 responsum
471 3057 520 3104 est
545 3043 676 3118 Lockio,
694 3061 797 3122 quum
813 3042 854 3104 de
881 3043 1070 3105 substantie
1085 3050 1248 3123 conceptu

160 3159 269 3205 sermo
285 3142 346 3203 luit
363 3143 447 3219 (lna,
463 3141 545 3220 145),
563 3141 604 3204 ab
619 3142 832 3222 experientia,
849 3143 905 3204 sed
935 3142 1010 3203 cum
1027 3135 1246 3220 intelligentia

160 3241 345 3318 conjuncta.
359 3241 453 3304 Ratio
469 3242 558 3303 enim
572 3259 676 3304 causae
692 3242 807 3304 relatio
824 3233 973 3323 quaedam
988 3250 1048 3318 est,
1061 3258 1160 3321 quarn
1176 3240 1246 3302 sola

161 3339 376 3419 intelligentia
389 3344 564 3422 concipere
580 3353 697 3423 potest.
714 3341 777 3404 Sed
803 3341 927 3403 invenit
943 3341 1158 3420 intelligentia
1175 3342 1246 3420 ejus

161 3441 242 3500 ideae
258 3440 506 3503 fundamentum
518 3450 550 3503 et
564 3441 741 3520 objectum,
759 3452 794 3504 ut
805 3443 960 3514 diximus,
972 3442 1005 3502 in
1022 3441 1248 3505 intimosensu

159 3537 254 3617 (rut).
278 3541 332 3603 Sic
353 3540 453 3620 igitur
475 3540 584 3621 primo
605 3559 710 3604 causae
733 3543 841 3604 ideam
864 3561 901 3603 ex
931 3543 1028 3605 uobis
1052 3542 1133 3623 ipsis
1164 3544 1246 3604 hau-

159 3638 276 3701 rimus.
812 3687 817 3690 .

200 3737 407 3817 Experientia
421 3747 528 3800 autem
545 3748 676 3801 externa
693 3739 837 3819 prolecto
849 3740 935 3801 nilril
948 3739 1039 3803 aliud
1057 3737 1246 3802 immediate

159 3836 299 3915 attingit,
310 3853 408 3917 quam
424 3836 507 3898 facta
522 3836 614 3900 lactis
630 3839 971 3920 succedentia3neqae
983 3838 1073 3900 aliud
1090 3850 1246 3918 praeterea

159 3951 276 3994 sensus
302 3935 460 4013 attingere
487 3948 635 4015 possunt.
652 3935 715 3997 Sed
743 3934 960 4015 intelligentia
986 3954 1088 4017 quum
1115 3937 1245 4016 aliquid

158 4030 286 4092 noviter
307 4032 445 4093 existere
467 4032 696 4111 deprehendit,
721 4032 879 4113 analysim
902 4050 1056 4096 exercens
1079 4034 1112 4094 in
1138 4036 1246 4097 ideam
