2792 4600
211 361 273 427 280
341 324 344 330 Ι
585 314 586 317 ¹
644 372 833 421 cosuomcm.

253 489 325 555 tos.
348 488 427 554 Pars
441 486 543 551 ultera
558 485 796 568 propositionis
821 505 861 550 ex
876 485 983 569 prima
998 485 1187 550 immediate
1208 485 1299 550 fluit.

209 591 246 656 si
262 589 352 655 enirn
367 587 561 653 continuum
577 605 615 649 es
630 585 891 650 indivisibilibus
905 594 1060 669 tanquam
1077 604 1115 649 ex
1128 584 1304 649 elementis

211 707 279 755 non
294 686 458 765 coalescit,
473 695 635 769 repugnat
650 687 759 768 ipsum
783 686 817 750 in
834 685 1052 750 indivisibilia
1067 685 1198 750 resolvi.
1215 684 1305 767 lingo

213 788 422 872 quantumvis
438 787 580 850 divisum
595 786 812 867 concipiatur,
828 797 935 868 partos
948 804 1021 867 quae
1033 784 1194 850 divisione
1205 784 1305 860 fiunt,
1383 809 1389 828 v

211 904 383 969 nunquam
412 886 629 951 indivisibiles
659 895 769 961 erunt,
793 886 850 949 sed
872 888 1001 966 sompes
1023 884 1162 948 ulterius
1185 883 1305 946 divisi·

215 986 313 1052 biles.
607 1043 609 1057 ,
1145 986 1148 991 ’

145 1105 150 1112 ’
259 1083 330 1150 160.
354 1085 463 1149 Placet
472 1082 582 1146 adhuc
594 1083 841 1148 conclusionem
853 1083 938 1145 banc
949 1080 1099 1163 sequenti
1113 1080 1308 1145 confirmare

217 1191 421 1265 argumento,
444 1181 534 1264 quod
549 1199 588 1268 eo
603 1183 651 1244 vel
668 1182 809 1248 maxime
825 1203 842 1244 e
858 1180 1085 1261 multis‘eligo,
1103 1179 1181 1261 quia
1196 1197 1214 1241 a
1229 1178 1308 1260 qui·

203 1281 358 1356 ‚busdam
376 1279 616 1344 recentioribus
633 1280 799 1344 immerito
815 1279 1076 1361 parvipenditur.

602 1380 676 1443 Sint
690 1379 778 1443 bine
797 1380 960 1461 parallolae
978 1379 1050 1457 Ab,
1075 1378 1143 1454 GN,
1160 1394 1242 1459 quas
1261 1378 1310 1440 si·

356 1541 358 1544 ,
561 1465 629 1542 mil
657 1486 829 1543 connectat
854 1477 1137 1560 perpendicularis
1165 1475 1231 1542 CD.
1245 1549 1248 1555 ,
1263 1478 1311 1546 Ex
1352 1514 1355 1519 ·

366 1599 373 1612 ·
533 1556 684 1661 “puncto
713 1579 756 1655 A,
787 1578 878 1659 quod
900 1586 948 1640 est
970 1577 1005 1640 in
1028 1586 1119 1658 parte
1141 1575 1308 1657 superiori

206 1697 208 1701 ·
562 1680 658 1743 linem
682 1678 753 1755 Ab,
771 1679 846 1741 duci
869 1684 974 1758 potest
998 1685 1086 1739 reeta
1105 1674 1144 1737 ad
1167 1677 1311 1756 quodvis

563 1788 722 1859 punctum
738 1777 839 1859 par-tis
855 1774 1023 1839 inferioris
1035 1774 1130 1838 linem
1143 1773 1200 1837 ΟΝ
1208 1793 1311 1840 :nam

231 1927 251 1977 c
409 1582 509 1971 s
533 1879 648 1974 „inter
662 1876 729 1940 duo
741 1876 863 1957 quasvis
880 1883 998 1957 puncta
1006 1883 1092 1939 recta
1102 1875 1177 1938 duci
1187 1882 1309 1955 potest.

563 1976 773 2058 Unaquoeque
787 1985 897 2038 autem
917 1994 957 2038 ax
972 1975 1066 2038 hisce
1077 1974 1175 2038 rectis
1189 1974 1313 2036 transi·

563 2074 612 2138 bit
626 2093 685 2155 por
696 2073 831 2154 aliquod
846 2083 1002 2154 punctum
1019 2072 1114 2136 lineae
1130 2072 1230 2136 finite
1242 2072 1311 2139 Cb.
1369 2135 1376 2145 ,

603 2173 674 2236 lam
690 2172 776 2236 linea
791 2172 850 2238 CN
863 2180 969 2253 potest
980 2171 1051 2234 sine
1063 2172 1126 2235 tine
1142 2173 1313 2252 protrahi;

564 2287 630 2336 non
644 2270 733 2352 quod
747 2263 891 2353 unquam
903 2271 1039 2335 evadere
1052 2270 1154 2352 possit
1168 2271 1312 2358 infinita,

564 2372 621 2435 sed
637 2382 725 2435 certe
740 2382 813 2453 post
836 2370 974 2452 quodvis
996 2371 1236 2435 incrementum
1253 2392 1316 2454 po-

563 2478 626 2533 test
650 2470 762 2533 adhuc
786 2469 916 2550 longius
942 2471 1104 2550 protrahi.
1128 2471 1192 2534 Sed
1214 2482 1316 2536 rectae

564 2586 690 2644 omnes,
705 2588 778 2647 quaa
790 2586 808 2634 a
820 2569 978 2649 punctoA
996 2570 1178 2650 procedunt
1189 2572 1230 2634 ad
1240 2571 1314 2648 CN,

231 2676 256 2724 Ν
563 2677 674 2729 secant
698 2666 882 2730 necessario
910 2665 976 2731 GD.
1006 2668 1091 2748 Ergo
1119 2669 1316 2734 indefinitus

511 2814 516 2821 .
563 2772 725 2828 rectarum
752 2780 909 2827 numerus
933 2766 1086 2829 transibit
1108 2785 1167 2848 per
1189 2766 1254 2843 co,
1279 2778 1318 2832 et

223 2864 359 2948 quidem
376 2863 419 2927 ita
435 2872 470 2927 ut
483 2877 615 2944 semper
629 2878 745 2926 onmes
759 2863 989 2926 contineantur
1004 2865 1089 2927 inter
1104 2876 1223 2946 puncta
1239 2864 1265 2929 C
1281 2877 1319 2931 et

223 2962 477 3042 D31ineaeenim
493 2981 567 3044 qum
578 2962 657 3026 abA
671 2962 861 3041 pergunt'ad
876 2961 943 3037 CN,
958 2982 1125 3044 nunquam
1140 2966 1318 3045 pervenire

224 3069 363 3145 possunt
384 3060 424 3124 ad
444 3070 603 3141 punctum
618 3060 669 3122 D:
691 3077 786 3122 secus
801 3060 889 3123 linea
903 3060 967 3131 ΑΝ
979 3063 1082 3125 coiret
1096 3082 1171 3126 cum
1186 3064 1256 3135 Ab,
1274 3082 1318 3128 ac

223 3159 365 3244 proinde
384 3157 472 3222 binae
487 3159 649 3239 parallelae
663 3158 735 3234 Ab,
753 3158 811 3222 CN
825 3158 859 3221 in
876 3160 987 3241 aliquo
1002 3163 1170 3225 communi
1189 3174 1316 3244 puncto

223 3259 256 3323 Ν
269 3257 499 3333 convenirent;
517 3253 551 3318 id
576 3249 666 3338 quod
687 3256 867 3319 absurdum
883 3270 943 3322 est.
959 3256 1044 3338 Ergo
1060 3272 1155 3324 rectae
1171 3280 1316 3326 numero

223 3354 402 3422 indefinite
413 3361 558 3418 secantes
575 3353 628 3417 CD
643 3372 714 3417 eam
725 3373 856 3436 semper
871 3358 915 3419 ita
925 3356 1092 3434 secabunt,
1108 3369 1143 3422 ut
1154 3378 1229 3440 pars
1240 3361 1317 3442 ejus

222 3472 296 3536 quae
318 3459 391 3533 post
410 3450 607 3514 divisionem
629 3463 788 3534 superest,
812 3453 951 3516 ulterius
965 3457 1067 3517 secari
1091 3458 1206 3538 possit,
1228 3461 1318 3541 quin

222 3568 369 3634 unqunm
383 3549 426 3612 ad
441 3548 609 3612 dividendi
626 3550 724 3613 finem
741 3552 943 3634 perveniant.

262 3647 502 3733 Argumentum
514 3649 613 3730 igitur
626 3649 726 3713 habes
739 3651 942 3730 hujusmodi.
956 3651 1108 3735 Eousque
1120 3664 1225 3737 potest
1231 3658 1321 3722 suh·

224 3749 328 3814 dividi
343 3745 408 3824 CI),
425 3764 598 3829 quousque
610 3757 716 3828 potest
728 3749 875 3829 protrahi
893 3747 959 3814 CN.
973 3751 1037 3815 Sed
1051 3751 1109 3817 GN
1120 3765 1227 3835 potest
1238 3758 1318 3822 sine

224 3850 289 3913 iine
305 3847 464 3931 protrahi.
487 3845 573 3927 Ergo
596 3845 651 3911 cb
669 3855 775 3928 potest
795 3849 868 3912 sine
882 3849 948 3914 fine
963 3851 1144 3917 subdividi.

266 3946 346 4013 llil.¹
359 3945 430 4010 Duo
445 3945 486 4008 ad
498 3945 567 4008 baec
579 3946 697 4027 regerit
712 3947 917 4032 Galluppius.
936 3949 967 4011 l⁰
982 3950 1019 4012 Iu
1037 3951 1100 4015 hoc
1114 3964 1315 4036 argumento

224 4045 424 4127 supponitur
438 4054 525 4108 recta
540 4043 680 4109 infinita.
704 4045 771 4111 Hoc
785 4057 894 4112 autem
909 4058 958 4112 est
973 4049 1008 4112 in
1023 4051 1224 4132 questiou03
1241 4054 1318 4137 agi·
