2792 4600
194 366 254 430 l8l
652 386 822 432 ourououta.
1033 373 1055 410 e

234 501 268 563 5⁰
286 502 385 565 Actus
402 502 521 564 mentis
537 520 631 582 posse
646 502 750 563 reales
767 500 886 562 habere
900 499 1076 562 relationes
1091 497 1131 561 ad
1151 498 1280 577 objecta

195 616 261 661 non
277 598 448 661 existentia
463 602 546 675 llll,
564 601 608 679 5⁰}
623 617 632 675 ;
648 617 684 661 ac
702 599 840 679 proinde
855 599 952 661 etiarn
969 607 1120 681 respectu
1136 598 1281 678 obiecto·

194 714 267 760 rum
283 699 458 776 ejusmodi,
477 699 567 761 ideas
582 716 672 761 veras
687 708 761 760 actu
781 717 852 760 esse
869 698 986 760 ecdici
1004 698 1123 771 solere,
1141 708 1176 760 ut
1194 704 1281 786 patet

194 796 229 857 in
249 797 531 859 enuntiationibus
547 798 586 858 de
600 815 634 859 re
652 798 812 878 praeterita
825 806 880 859 aut
893 795 1056 878 possibili,
1073 805 1105 858 et
1118 797 1152 858 in
1166 795 1280 858 multis

183 895 476 972 enuntiationibus
498 896 702 958 necessariis.

235 1011 308 1074 578.
331 1011 491 1073 Probatur
515 1009 709 1090 propositio.
734 1011 766 1073 l⁰
786 1008 998 1071 Enuntiabile
1020 1009 1137 1088 inquo
1161 989 1280 1089 praedi·

196 1119 302 1172 catum
319 1110 445 1190 estjam
464 1127 552 1171 nunc
568 1109 714 1188 subjecto
729 1107 1142 1182 conlorme,determinate
1165 1125 1277 1168 verum

195 1217 265 1283 est;
286 1208 437 1287 illudque
454 1208 488 1268 in
509 1214 575 1287 quo
597 1207 807 1285 praedicatum
828 1215 874 1267 εει
895 1207 960 1284 jam
990 1223 1111 1276 nunca
1132 1205 1279 1283 subjecto

197 1306 359 1378 difforme,
378 1305 591 1366 determinate
606 1304 723 1365 laisum
740 1317 799 1366 εει.
821 1304 882 1366 Sed
899 1307 930 1365 in
947 1306 1050 1366 altero
1073 1323 1109 1365 ex
1127 1306 1280 1365 enuntia·

197 1403 321 1464 bilibus
350 1404 614 1466 contradictoriis
643 1405 683 1465 de
711 1402 821 1466 futuro
851 1403 1066 1483 contingenti,
1095 1402 1162 1483 jam
1193 1420 1282 1463 nunc

197 1501 409 1581 praedicatum
439 1513 487 1563 εει
519 1502 664 1581 subjecto
701 1506 882 1577 conlorme,
911 1506 943 1565 in
974 1502 1077 1564 altero
1116 1502 1279 1563 difforme.

136 1672 138 1676 y
197 1600 293 1680 Ergo.
1313 1587 1318 1593 ’

239 1697 337 1760 Prob.
354 1700 435 1774 min,
451 1699 486 1762 ln
502 1701 786 1781 propositionibus
803 1701 894 1763 istis:
910 1700 1017 1762 Petrus
1028 1709 1156 1762 annuet.
1176 1699 1284 1760 Petrus

198 1814 261 1857 ooo
280 1808 421 1861 annuet:
437 1799 620 1878 subjectum
644 1809 691 1862 est
713 1802 845 1871 Petrus,
869 1818 942 1861 curn
964 1799 1119 1861 omnibus
1141 1816 1214 1878 quae
1241 1799 1282 1859 ad

200 1894 308 1974 ipsum
325 1905 492 1977 utcunque
508 1897 684 1977 pertinent,
705 1899 822 1975 sivein
840 1898 990 1976 praesenti
1014 1896 1081 1958 sive
1098 1895 1131 1957 iu
1148 1896 1281 1970 luturo;

199 2011 236 2055 ac
251 1992 423 2075 propterea
439 2016 513 2059 cum
529 1998 684 2059 omuibus
699 2016 832 2078 quoque
848 2016 920 2077 quae
935 1997 974 2058 ad
992 1997 1100 2076 ipsum
1119 1995 1284 2075 pertinent

200 2093 331 2153 instanti
350 2093 459 2158 futuro
478 2097 506 2158 X
522 2097 568 2173 (b.
592 2096 674 2174 tel).
693 2096 830 2158 interea
849 2106 954 2158 autern
979 2114 1051 2176 quae
1072 2094 1127 2155 tali
1150 2093 1283 2154 instanti

199 2194 237 2256 ad
255 2194 363 2272 ipsum
383 2197 546 2275 pertinent
562 2198 609 2260 vel
627 2207 673 2259 est
691 2200 736 2259 vel
756 2205 885 2258 nonest
906 2194 1136 2258 determinatio
1153 2193 1207 2254 illa
1223 2212 1284 2253 co-

171 2296 175 2305 ’
199 2309 307 2352 nuens.
323 2291 357 2354 Si
374 2305 431 2368 est,
447 2294 658 2375 praedicatum
676 2296 791 2376 primae
808 2293 1042 2376 propositionis
1058 2294 1183 2370 estjam
1197 2309 1287 2353 nunc

199 2389 346 2468 subjecto
362 2393 550 2471 conforme3
567 2394 593 2457 si
612 2413 677 2456 non
693 2405 752 2468 est,
764 2394 830 2475 jam
848 2412 936 2456 nunc
950 2401 998 2456 est
1013 2392 1179 2455 difforme.

241 2503 274 2565 2⁰
295 2496 504 2570 Enuotiabile
520 2508 561 2570 de
577 2510 740 2589 praeterito
760 2511 979 2590 contingente,
996 2520 1030 2572 ut
1046 2525 1160 2571 omnes
1183 2506 1286 2567 laten·

200 2606 263 2674 tur,
278 2612 325 2663 est
340 2604 552 2668 determinate
568 2625 679 2670 varum
697 2608 744 2669 rel
759 2609 897 2672 laisum:
916 2626 1040 2682 verum,
1058 2606 1085 2667 si
1102 2605 1287 2685 subjectum

201 2700 263 2762 luit
283 2702 372 2781 quod
395 2705 583 2767 enuntiatur
603 2707 720 2781 luisse;
738 2707 866 2780 laisum,
885 2708 910 2768 si
928 2725 992 2767 non
1010 2705 1071 2768 luit
1086 2702 1180 2782 (all).
1201 2703 1287 2781 Ergo

201 2799 298 2859 eliam
321 2801 524 2864 enuntiabile
539 2803 579 2865 de
597 2802 928 2883 luturo‘con'tingente
944 2804 1157 2865 determinate
1173 2818 1285 2862 verum

201 2906 259 2970 εει,
277 2899 303 2959 si
324 2898 507 2979 subjectum
530 2910 577 2962 est
598 2901 743 2964 futurum
764 2905 851 2981 quod
873 2903 1063 2963 enuntiatur
1082 2900 1204 2974 iu··isse;
1229 2898 1290 2959 lal-

202 3011 286 3068 sum,
303 2994 330 3056 si
347 3013 412 3060 non
429 3006 477 3059 est
492 2996 651 3060 futurum.

241 3108 338 3172 Prob.
363 3112 597 3192 consequentia
613 3123 643 3175 et
665 3114 795 3192 paritas.
821 3114 856 3176 ln
882 3126 1017 3196 utraque
1041 3120 1285 3198 propositione,

202 3209 411 3288 praedicatum
436 3227 500 3275 non
523 3221 572 3282 est
590 3229 710 3284 unaex
731 3213 1063 3277 determinationibus
1087 3209 1160 3296 quae
1184 3218 1289 3281 insint

201 3306 347 3384 subjecto
368 3316 516 3387 tempore
536 3310 699 3388 praesenti.
721 3309 805 3389 Ergo
828 3312 1106 3390 quemadmodum
1127 3315 1289 3394 praedica·

202 3414 270 3465 tum
294 3406 409 3483 primae
432 3407 611 3482 etiamnum
638 3419 684 3469 est
704 3408 850 3487 subiecto
870 3409 1052 3488 conforme,
1077 3413 1153 3475 licet
1170 3416 1202 3476 in
1227 3415 1289 3478 illo

203 3520 290 3564 nunc
320 3521 385 3566 non
415 3504 494 3567 insit
522 3513 595 3567 actu
624 3506 752 3569 affectio
781 3525 879 3587 quam
902 3509 1075 3588 exprimit3
1095 3512 1291 3594 itaquoque

202 3602 413 3681 praedicatum
429 3604 581 3667 secundae
592 3605 657 3683 jam
675 3623 763 3667 nunc
779 3624 890 3668 verum
906 3617 966 3672 est.
1043 3668 1044 3671 ,

243 3715 364 3780 Omitto
379 3715 443 3778 alia
458 3715 551 3797 plura
567 3736 639 3797 quaa
654 3719 694 3780 ad
707 3720 839 3782 altiores
854 3722 1054 3801 quaestiones
1071 3741 1131 3786 nos
1145 3724 1291 3789 abduce·

202 3825 285 3875 rent.
317 3814 486 3877 Sufficiant
516 3816 595 3890 brec,
621 3817 695 3879 licet
720 3822 768 3880 vir
791 3820 944 3883 delibata.
977 3819 1039 3892 Qui
1062 3823 1157 3901 plura
1183 3822 1289 3902 cupit.

202 3915 295 3975 adeat
320 3917 554 3977 commentaria
581 3916 899 3980 Coniutbricensiurn
929 3923 967 3996 (t)
994 3930 1025 3982 et
1054 3919 1149 3984 Card.
1178 3921 1293 3983 Ptole-

132 4098 135 4106 ,
231 4065 264 4119 (ll
276 4063 302 4109 ln
312 4064 333 4110 l.
345 4063 477 4110 Pariterm.
488 4073 508 4108 c.
521 4061 584 4108 Vlll.
595 4075 619 4120 q.
631 4064 687 4108 unic
698 4072 744 4108 art.
756 4063 802 4123 lv.
