2792 4600
472 379 559 424 ntnnn
583 377 704 438 narnus,
728 380 820 426 maur
839 381 880 426 vt.
1013 388 1016 392 ’
1158 364 1220 430 303

112 545 115 549 ⁴
169 497 240 560 lloc¹
267 502 361 577 pacto
390 496 493 575 fipura
520 511 697 575 corporum
727 491 941 578 consequitur
969 499 1220 582 dispositionem

124 593 378 666 molocularum‚
404 608 476 671 quae
498 590 533 652 lit
549 590 740 655 earumdem
755 594 994 680 molecularum
1016 599 1140 663 viribus
1158 616 1167 678 ;
1183 618 1222 663 ac

126 695 272 758 variatur
289 710 346 774 per
359 680 577 767 additionem,
595 692 843 769 detractionem,
860 696 1024 761 ueletiam
1039 701 1221 781 transposi-

15 809 18 822 ’
127 793 253 856 tionem
271 790 413 871 partiunt
429 789 469 850 ab
485 798 616 851 externa
632 790 741 870 aliqua
759 792 788 853 vi
801 792 960 872 effectam,
974 807 1031 859 aut
1047 816 1106 878 per
1119 807 1221 862 status

129 891 359 963 mutationem,
377 905 481 968 quum
496 907 525 949 v.
543 906 592 967 qr.
610 889 756 952 solidum
772 890 806 951 in
822 892 989 972 liquidum
1005 898 1130 960 transit.
1147 896 1222 960 llaec

128 989 243 1052 eadem
254 995 391 1050 statuum
412 985 587 1059 diversitas,
606 1002 663 1047 seu
680 987 857 1051 colutianis
875 991 996 1053 diverso
1015 994 1097 1055 ratio
1118 997 1221 1059 actio-

48 1116 52 1122 ·
126 1105 206 1151 nem
232 1085 393 1164 maiorem,
418 1084 468 1147 vel
500 1084 662 1145 minorem
688 1085 819 1149 caloricl
843 1091 1066 1169 oonsequitur.
1097 1092 1223 1155 Pariter

15 1173 17 1210 ²
131 1187 238 1267 posita
253 1187 393 1259 actione,
411 1201 484 1263 quae
499 1182 733 1263 ponderabiles
748 1186 926 1250 moleculas
949 1188 1034 1250 intra
1050 1190 1223 1271 imponde-

15 1275 17 1304 *
129 1284 235 1347 nubile
264 1281 404 1345 liuidum
434 1281 615 1356 constituit,
646 1285 818 1345 attractione
846 1303 883 1348 ac
911 1288 1069 1368 repulsione
1096 1289 1222 1351 uirtutes

15 1395 17 1408 ¹
129 1390 324 1461 emergunt.;
348 1380 518 1459 positaque
537 1379 678 1455 actione,
700 1399 773 1461 qnae
793 1384 1066 1464 magnitudinem,
1084 1385 1222 1466 liguram

133 1496 170 1545 ac
197 1481 297 1542 situm
320 1478 558 1541 molocularum
583 1479 824 1555 determinavit,
833 1484 1033 1564 proprietates
1060 1503 1249 1573 corporum,

105 1626 110 1633 .
129 1580 272 1659 speciales
289 1577 371 1657 (159,
393 1578 484 1641 illico
503 1579 672 1640 resultant.
695 1578 939 1642 Combinctiom't
957 1585 1035 1644 item
1052 1594 1109 1666 cett
1134 1603 1222 1666 scpu-

129 1677 263 1739 rctt'onis
273 1685 371 1739 status
383 1676 576 1740 affinitatum
589 1677 807 1740 chimiearnm
818 1680 974 1743 exercitio
988 1680 1138 1746 debetur.

173 1777 246 1840 tlt.
267 1776 337 1839 lluc
355 1794 487 1855 quoque
509 1785 631 1856 spectat
653 1788 753 1839 motus
774 1786 805 1838 et
822 1778 905 1858 quies
920 1796 1109 1860 corporum.
1123 1782 1221 1856 Quies

132 1876 222 1935 enim
235 1874 385 1954 sequitur
399 1876 574 1949 actionem,
591 1885 768 1954 quetotum
784 1893 901 1955 corpus
915 1877 956 1939 nd
972 1887 1097 1941 certum
1112 1865 1223 1942 locum

131 1973 361 2053 occupandum
383 1975 646 2048 determinatn1·;
667 1984 774 2037 motus
792 1975 941 2055 sequitur
960 1975 1134 2051 actionem,
1157 1994 1223 2058 qua

130 2073 552 2153 corpusdeterminatnrad
567 2072 850 2137 cedendumloeo.
1241 2129 1244 2137 l

131 2205 137 2220 ·
173 2169 246 2233 tea
275 2181 421 2251 porroet
449 2172 627 2246 caloricum,
654 2172 831 2235 electricitas
847 2174 1111 2255 etmcqaettsmm
1132 2175 1224 2254 juxta

130 2273 353 2334 recentiorum
369 2270 552 2334 doctrinam
578 2271 664 2333 nibil
684 2272 775 2334 alind
802 2281 879 2335 suut
903 2289 1001 2353 quam
1019 2273 1118 2349 unius
1135 2263 1238 2354 ejus-'

131 2367 276 2448 demque
295 2370 484 2433 substantia
500 2370 770 2447 modificationes,
788 2390 846 2453 per
862 2380 986 2435 motum
1002 2370 1224 2461 diversimode

131 2469 400 2533 transformatum
424 2475 472 2550 (t).
494 2471 584 2534 Patet
607 2489 695 2550 ergo,
717 2472 933 2551 pbaenomena
950 2471 1019 2533 haec
1038 2472 1151 2534 omnia
1170 2490 1223 2533 re·

17 2590 18 2597 ¹
129 2567 255 2629 sultare
271 2569 384 2633 media
398 2569 509 2649 eliqua
528 2569 668 2645 actione,
686 2564 760 2649 quae
778 2586 877 2630 unam
897 2578 952 2630 aut
967 2568 1101 2630 alteram
1117 2580 1223 2634 motus

129 2666 276 2745 speciem
290 2666 436 2743 inducat,
452 2678 507 2728 aut
523 2684 623 2728 unam
638 2666 672 2727 in
684 2666 820 2738 alteram
836 2664 1057 2729 transformet.
1111 2700 1116 2707 -

174 2763 247 2828 tta.
261 2764 333 2826 Dixi
349 2765 383 2828 5⁰
398 2764 570 2846 qualitates
586 2764 745 2844 quasdam
761 2764 919 2826 resultare
939 2782 977 2825 ex
995 2764 1224 2828 essentialibus

127 2863 282 2943 corporis
298 2862 565 2944 proprietatibus,
577 2863 678 2943 posito
693 2863 798 2942 aliquo
813 2861 1007 2926 termienad
1023 2860 1113 2942 quod
1127 2862 1224 2949 intel-

131 2962 304 3044 ligendum
333 2976 446 3026 notare
472 2963 587 3024 sedulo
603 2962 702 3024 debes
718 2963 807 3043 quod
834 2960 915 3023 alibi
942 2962 983 3022 de
1008 2960 1225 3024 relationibus

132 3061 184 3140 (0.
201 3060 274 3140 204)
300 3075 331 3125 et
346 3063 387 3123 de
406 3059 641 3124 mutationibus
657 3071 787 3140 agentes
799 3061 848 3138 (O.
864 3060 937 3134 584,
950 3059 996 3138 5⁰)
1019 3060 1224 3121 animadver-

130 3160 245 3233 timus,
274 3157 425 3220 videlicet
450 3157 626 3221 relationes
643 3157 771 3237 acquiri
785 3157 834 3219 vel
849 3157 967 3231 amitti,
990 3159 1072 3237 quin
1096 3157 1164 3218 ulle
1189 3156 1225 3219 in

131 3255 280 3337 subjecto
296 3258 433 3319 mutatio
450 3256 626 3318 intrinseca
642 3256 719 3333 liat;
746 3254 866 3318 sufficit
878 3255 968 3317 enim
982 3257 1223 3334 tantummodo,

132 3356 162 3418 si
188 3355 372 3436 subjectum
389 3356 458 3427 suis
473 3366 626 3427 ornatum
642 3356 898 3435 proprietatibus
913 3355 1092 3416 terminum
1113 3355 1225 3417 nanci-

132 3464 254 3529 scatur,
271 3455 311 3518 ad
325 3471 424 3534 quem
440 3471 498 3535 per
515 3455 587 3515 illas
602 3455 716 3533 aliquo
731 3455 830 3536 modo
846 3453 1016 3516 referatur.
1073 3478 1076 3483 ⁴

176 3553 246 3615 lloc
274 3553 375 3632 igitur
388 3563 483 3633 pacto
508 3554 641 3615 actuata
666 3572 827 3634 corporum
840 3539 973 3616 actiones
988 3570 1027 3615 ex
1041 3552 1224 3614 essentiali·

134 3650 209 3726 bus,
226 3651 434 3731 generalibus
449 3670 487 3714 ac
502 3652 664 3732 specificis
679 3653 872 3714 eorumdem
893 3651 1106 3732 qualitatibus
1121 3652 1225 3713 resul-

137 3762 215 3814 tant.
232 3750 357 3831 Nempe
368 3768 506 3832 corpora
522 3769 617 3832 agere
633 3750 667 3813 di
712 3761 801 3826 ntur,
818 3753 1079 3831 quotiescunque
1090 3749 1225 3831 ponitur

136 3851 309 3923 terminus,
352 3851 408 3929 qui
442 3868 500 3931 per
544 3769 713 3929 ejusmoffl
732 3852 905 3931 qualitates
937 3852 1140 3912 immutetur.
1177 3849 1224 3911 lta

138 3996 198 4114 ΗΜ]
212 3994 244 4041 Cl
260 3996 406 4052 opusculum
435 3997 465 4044 cl.
487 3998 514 4044 P.
535 3997 617 4055 Seccbi
640 3999 664 4044 S.
687 3997 710 4044 J.
727 3996 797 4043 Sulla
806 3995 966 4042 corr-eluamus
975 3994 1040 4041 delle
1049 3993 1119 4049 serae
1129 3995 1223 4053 fisiclte.

161 4079 213 4113 omo
222 4069 289 4115 1858.
512 4071 515 4075 '
