2792 4600
184 288 251 352 not
637 306 829 351 oosuotocn.

193 414 266 501 quae
279 438 366 481 mare
380 420 549 481 continent
564 437 570 482 ς
591 420 712 481 ideales
724 437 800 481 vero
812 428 889 481 sunt
901 418 1090 499 superficies
1102 438 1286 501 corporum

191 520 410 600 possibilium,
435 538 508 599 quae
524 537 643 601 corpus
660 518 793 599 aliquod
807 518 932 580 circum
949 519 1075 580 ambire
1084 518 1284 599 concipiun-
1385 525 1386 580 3

190 628 262 695 tur,
293 626 328 680 ut
344 628 419 679 sunt
442 637 470 679 v.
495 635 542 696 gr.
569 618 690 679 limites
715 618 800 678 intra
823 634 904 697 quos
925 617 1071 679 mundus
1093 616 1289 697 concipitur

191 717 326 779 locatus.
343 714 415 777 Erit
437 727 545 778 antem
561 717 652 778 locus
670 712 779 791 realis,
796 716 846 776 vel
860 714 991 791 idealis,
1016 715 1127 795 prouti
1154 715 1287 777 limites

142 899 145 903 ¹
191 813 313 894 quibus
329 814 527 890 continetur,
546 813 647 875 reales
664 817 752 889 su'nt,
769 812 819 875 vel
836 813 941 876 solum
967 813 1154 894 possibiles.

232 929 305 994 att.
331 932 407 1005 Quae
430 929 562 992 deloco
589 930 744 1005 dicimus,
773 929 886 990 eadem
909 927 950 989 de
971 927 1126 990 distantia
1148 945 1288 1007 quoque

190 1028 331 1091 dicenda
346 1032 439 1107 sunt,
453 1030 517 1092 nisi
534 1031 621 1110 quod
642 1029 765 1091 locusa
784 1026 936 1089 distantia
953 1026 1063 1088 differt
1078 1027 1112 1087 in
1129 1026 1181 1087 bis
1198 1024 1285 1087 duo·
1385 1017 1386 1104 J

191 1128 271 1205 bns;
295 1129 385 1209 quod
410 1130 441 1192 1⁰
457 1129 520 1190 loci
537 1121 630 1191 notio
662 1126 819 1207 primario
841 1124 974 1205 respicit
990 1133 1159 1186 extensum
1176 1122 1287 1204 possi·
1385 1147 1386 1192 1

192 1222 1283 1305 bile,secundarioautemetinobliquolimitesipsumdefinientes:
1385 1229 1386 1268 ἒ

192 1323 345 1384 distantia
356 1341 431 1385 vero
445 1323 600 1403 primario
614 1322 735 1383 limites
748 1322 898 1403 respicit;
912 1321 1056 1383 estenim
1066 1320 1182 1382 relatio
1194 1336 1287 1400 quac*
1385 1351 1386 1388 1

192 1421 266 1483 dam
288 1423 374 1484 inter
396 1422 528 1484 eosdem
556 1421 687 1497 limites,
699 1417 904 1484 ¹secundario
921 1428 1027 1483 autern
1045 1430 1076 1482 et
1092 1421 1125 1482 in
1142 1419 1286 1501 obliquo
1385 1419 1386 1432 ¹

191 1532 359 1583 extensum
377 1521 548 1602 possibile,
570 1520 659 1602 quod
677 1521 834 1583 intereos
857 1519 978 1583 limites
999 1519 1138 1583 existere
1155 1527 1284 1600 potest;
1385 1539 1386 1588 3

191 1638 250 1701 per
266 1621 329 1682 hoo
351 1620 439 1681 euim
455 1619 693 1682 determinatur
716 1619 876 1682 distantiae
895 1617 1117 1708 magnitudo:
1140 1620 1173 1681 ΞΟ
1188 1619 1287 1681 locus
1385 1637 1386 1640 ¹

191 1718 289 1780 realis
306 1718 439 1799 proprie
453 1736 490 1780 ac
506 1736 617 1799 presse
630 1718 752 1782 dicitur
764 1718 805 1780 de
821 1721 925 1799 spatio
941 1719 1181 1799 comprehenso
1196 1717 1286 1779 inter

192 1818 313 1888 limites
334 1818 448 1879 saltem
465 1819 577 1898 aliquo
602 1818 701 1881 modo
717 1817 918 1891 immobiles,
937 1827 971 1881 ut
987 1826 1062 1881 sunt
1084 1817 1205 1878 limites
1222 1815 1286 1877 do·

192 1934 277 1991 mus,
301 1918 391 2006 agri,
405 1916 509 1993 urbis,
528 1928 559 1978 et
575 1935 634 1997 per
660 1917 723 1979 boc
738 1916 831 1980 locus
856 1916 997 1979 differta
1021 1935 1094 1979 vase
1120 1934 1177 1978 seu
1197 1916 1286 1976 reci·
1385 1995 1386 1998 Ἴ

193 2015 304 2095 pionte
319 2014 437 2078 mobili
454 2024 489 2076 ut
504 2025 554 2077 est
570 2016 661 2077 navis
677 2023 733 2077 aut
748 2033 864 2078 currus
874 2040 885 2091 ,·
908 2015 1060 2077 distantia
1075 2024 1182 2076 autern
1197 2011 1286 2074 dici·
1385 2019 1386 2022 ’

193 2125 247 2177 tur
261 2115 302 2175 de
318 2114 423 2195 spatio
439 2115 681 2195 comprehenso
695 2122 760 2176 tarn
777 2114 863 2176 inter
879 2114 1001 2176 limites
1016 2114 1168 2188 mobiles,
1183 2112 1286 2193 quam
1385 2109 1386 2156 t

194 2216 279 2276 inter
295 2212 495 2278 immobiles.
804 2229 806 2232 ·

233 2328 332 2392 *ola
356 2327 511 2391 Definitio
525 2327 590 2391 loci
606 2313 928 2409 quamtradidimus,
942 2337 1144 2409 memoratur
1157 2328 1198 2391 ab
1209 2328 1287 2392 Ari·

191 2428 308 2490 stotele
329 2430 362 2489 iu
384 2426 423 2488 lV
448 2427 544 2507 Phys.
570 2429 606 2504 (t)
629 2445 666 2489 ac
691 2437 766 2509 post
789 2427 899 2508 ipsum
916 2437 1008 2490 nacta
1024 2438 1072 2490 est
1093 2427 1286 2491 defensores

192 2526 326 2601 multos,
351 2535 464 2606 estque
487 2524 555 2587 iere
571 2526 758 2590 communis
774 2527 860 2608 apud
880 2529 1090 2590 recentiores.
1114 2527 1287 2590 Aristoteli
1385 2586 1386 2603 ,

192 2632 300 2685 tamen
316 2640 385 2685 non
401 2622 536 2703 placuit.
552 2622 593 2684 At
615 2623 771 2700 rationes,
790 2623 912 2705 quibus
932 2643 1002 2687 eam
1018 2625 1200 2707 impugnat,
1219 2626 1288 2687 boo
1385 2606 1386 2697 l

192 2739 297 2783 unum
323 2721 511 2795 ostendunt,
538 2722 745 2784 intervallum
763 2723 851 2803 quod
869 2723 961 2786 locus
977 2723 1111 2800 dicitur,
1128 2741 1195 2787 non
1211 2741 1285 2786 esse

193 2820 299 2901 ipsam
320 2820 404 2882 vasis
426 2820 638 2900 capacitatem
661 2839 735 2902 quae
757 2839 775 2882 a
797 2840 869 2884 vase
895 2823 1058 2904 dependet
1072 2832 1191 2886 etcum
1206 2840 1285 2884 vase

192 2917 398 2980 transfertur.
417 2916 509 2989 Quod
523 2918 744 2999 proculdubio
757 2937 816 2983 nos
833 2936 900 2982 non
916 2937 1083 3001 negamus.

233 3034 249 3062 *
265 3034 339 3098 ato.
359 3034 629 3098 Definivitlocum
641 3035 835 3098 Aristoteles
850 3053 858 3098 :
871 3038 1059 3118 superficiem
1069 3037 1284 3112 continentem,
1385 3052 1386 3097 t

190 3134 384 3209 immobilem,
399 3135 547 3215 primum.
572 3135 649 3209 Quae
665 3134 817 3198 definitio
832 3136 974 3217 explicat
989 3136 1210 3199 curdicamus
1225 3136 1287 3197 ali·
1321 3201 1324 3207 ,
1385 3166 1386 3227 ss

191 3233 271 3313 quid
290 3233 362 3296 loco
378 3234 553 3295 contineri.
571 3235 633 3297 Res
649 3234 740 3295 enim
757 3235 946 3297 continetur
963 3235 996 3296 in
1013 3235 1098 3309 loco,
1119 3244 1284 3316 quatenus

191 3331 408 3394 ambientium
431 3349 608 3411 corporum
624 3332 865 3413 superficiebus
881 3333 1023 3413 tangitur
1039 3342 1136 3414 atquc
1148 3334 1285 3396 conclu-

192 3430 293 3505 ditur,
313 3442 347 3491 ut
362 3448 392 3492 v.
409 3448 457 3509 gr.
476 3434 582 3490 amnis
600 3431 686 3492 inter
708 3432 808 3511 ripas.
825 3430 966 3493 Addidit
980 3449 1056 3495 vero
1072 3431 1283 3513 superficiem
1385 3478 1386 3485 .

190 3528 385 3602 immodilem,
404 3537 438 3589 ut
454 3530 564 3590 locum
578 3546 596 3589 a
611 3529 792 3608 recipiente
814 3529 931 3604 mobili
957 3529 1191 3609 distinguerem
1215 3547 1285 3592 non

192 3627 281 3689 enirn
307 3629 389 3690 vasis
413 3627 553 3708 parietes
570 3619 727 3689 dicuntur
748 3645 840 3710 aquae
858 3628 975 3693 locus:
996 3629 1122 3692 addidit
1149 3647 1285 3710 quoque
1385 3664 1386 3667 =

187 3726 337 3806 primam,
355 3735 390 3788 ut
406 3728 514 3788 locum
537 3725 584 3787 rei
603 3727 774 3806 proprium
795 3726 1010 3807 distingueret
1025 3744 1043 3790 a
1058 3728 1226 3791 communi
1250 3729 1285 3790 in

192 3842 259 3907 quo
272 3825 475 3906 aliaquoque
484 3841 622 3905 corpora
635 3825 858 3902 continentur,
868 3837 904 3888 ut
915 3835 963 3890 cst
978 3846 1007 3891 v.
1025 3844 1073 3907 gr.
1091 3826 1285 3890 cubiculum
1385 3906 1386 3909 Ἴ

222 3988 252 4042 (t)
261 3987 330 4033 Text.
341 3987 379 4033 36.
