2792 4600
408 292 494 337 ursan
516 292 650 348 rannus,
673 292 765 337 cucur
787 292 810 338 r.
1098 275 1187 362 3⁷33?

29 465 30 490 ἶ
108 402 182 469 570.
208 406 303 485 Resp.
321 405 400 469 Dist.
423 405 499 488 maj.
518 406 723 487 Principium
740 406 829 488 quod
853 405 1008 488 objicitur
1023 414 1071 471 esi
1086 426 1158 471 oer-
1180 453 1192 490 ἶ.

29 501 30 504 ’
69 503 233 567 tissimum
242 504 375 584 physica
387 505 706 582 certitudine‚conc.‚·
721 505 919 570 certitudine
930 508 1160 589 metaphysica,

29 627 30 634 ¹
70 622 142 683 erpo
159 602 206 681 (L.
230 601 314 680 407).
334 603 416 665 llinc
442 605 668 685 exceptionem
693 603 759 683 pati
783 615 900 685 potest,
923 606 950 666 si
972 605 1081 668 divina
1096 606 1159 670 vir·

71 711 134 766 tute
149 713 309 765 consueto
326 711 448 765 natnrae
464 703 574 776 ordini
592 704 760 784 derogatio
775 704 841 766 liat.

106 799 154 861 ad
170 807 232 861 rat.
247 799 325 863 add.
343 800 422 863 Diu.
440 800 671 881 separabilitas
688 802 796 882 quoad
806 801 985 865 realitatem
1002 811 1050 864 est
1061 804 1158 867 realis

29 935 30 946 κ
70 899 291 962 distinctionis
311 900 489 978 indicium,
506 901 638 982 quando
654 919 772 982 nempe
785 909 962 983 utrumque
977 920 1015 964 ex
1028 902 1159 967 duobus

29 1011 30 1050 ἒ
71 1006 171 1079 potest
198 1018 269 1061 esse
297 1000 369 1062 sine
398 1000 501 1063 altero
529 999 579 1079 (Ο.
603 999 675 1074 tto,
705 1000 760 1078 2⁰),
790 1018 875 1063 conc.
890 1024 903 1077 ,·
933 1001 1159 1081 separabilitas

29 1079 30 1118 ³
69 1095 174 1179 quoad
208 1097 317 1159 locum
347 1100 588 1173 tantummodo,
615 1116 716 1180 quum
744 1097 898 1161 videlicet
920 1117 992 1182 quae
1021 1100 1158 1162 suntin

69 1195 234 1257 oistinctis
250 1196 342 1270 locis,
360 1197 466 1277 quoad
484 1197 663 1259 realitatem
680 1197 818 1260 omnino
830 1198 1041 1274 conveniunt,
1057 1198 1158 1275 rutra

71 1292 259 1372 hujusmodi
276 1293 341 1357 loci
357 1294 618 1374 inseparabilitas
641 1304 688 1355 est
710 1294 807 1356 realis
823 1294 1045 1359 distinctionis
1070 1296 1157 1358 indi-

69 1393 153 1454 cium
166 1393 350 1454 secundnm
366 1405 559 1456 consuetum
576 1405 699 1455 naturae
715 1393 993 1472 ordinem,cooc.;
1010 1395 1159 1460 absolute
1233 1427 1236 1432 ·

70 1490 182 1560 alsine
199 1493 391 1571 exceptione
407 1491 570 1572 possibili,
587 1511 676 1572 nepo.
988 1575 989 1579 Ἰ

107 1588 182 1668 Nep.
201 1592 278 1654 min..
295 1590 357 1654 Ad.
375 1600 435 1654 rat.
459 1591 535 1655 add.
552 1591 636 1671 lllcpo
653 1593 692 1654 lm
700 1599 831 1672 partun,
848 1573 936 1674 quiid
953 1610 1072 1674 nempe
1087 1611 1156 1656 cor·

72 1707 128 1768 pus
146 1695 352 1769 separaretur
372 1707 390 1749 a
411 1690 531 1774 seipso,
556 1699 587 1752 et
607 1691 761 1752 causalem
784 1709 911 1754 nauum.
935 1691 981 1753 Ex
1003 1710 1042 1754 eo
1069 1693 1175 1756 enim.

72 1789 154 1867 quod
166 1806 289 1869 corpus
300 1792 413 1868 existat
429 1791 462 1851 in
479 1789 560 1853 locis
576 1792 745 1869 separatis,
760 1808 826 1852 non
839 1789 988 1871 sequitur
1000 1794 1157 1872 prolecto,

73 1885 154 1947 illem
172 1887 317 1966 separari
330 1905 348 1948 a
360 1887 405 1950 sei
410 1906 469 1968 pso
483 1907 492 1966 ;
508 1890 548 1950 ad
564 1889 626 1968 boc
637 1890 727 1951 enim
740 1908 871 1953 necesse
883 1890 977 1966 soret,
992 1905 1027 1953 ut
1039 1909 1159 1973 corpus

74 2002 135 2047 non
150 1996 236 2046 esset
252 1984 308 2046 ubi
325 1995 384 2049 est.
598 2068 601 2072 ²
767 2006 769 2010 ’

109 2083 180 2147 571.
206 2084 265 2148 Ob.
290 2084 329 2149 ll.
354 2085 480 2166 Corpus
507 2085 748 2149 multilocatum
765 2086 797 2147 1⁰
817 2086 957 2149 distaret
978 2105 995 2149 a
1025 2088 1157 2170 seipso;

107 2179 537 2265 bassetunumetplurm
654 2250 657 2254 ,

29 2352 30 2367 ¹
107 2280 139 2343 5⁰
153 2282 481 2347 circumscriberetur
497 2283 582 2360 luco,
597 2290 629 2346 et
644 2301 711 2346 non
727 2282 1053 2348 circumscriberetur
1071 2304 1090 2363 ;‚

29 2380 30 2467 l
108 2379 140 2442 4⁰
155 2382 280 2444 moveri
298 2391 406 2462 posset
422 2382 573 2446 motibus
582 2382 769 2446 contrariis.

29 2470 30 2563 l
107 2482 178 2545 llaec
194 2489 303 2544 autem
318 2483 430 2546 omnia
445 2493 640 2565 repugnant.

29 2576 30 2607 r
108 2580 180 2644 tlt.
198 2581 295 2662 Rasp.
312 2582 365 2644 ad.
383 2583 422 2645 lm
436 2583 533 2665 Nepa.
551 2583 635 2645 Loca
647 2582 783 2663 quidem
795 2581 922 2644 diversa
933 2582 1064 2658 distant,
1079 2586 1157 2666 quia

74 2679 125 2742 ubi
140 2691 190 2742 est
201 2697 286 2742 unus
307 2678 400 2743 locus
416 2699 481 2744 non
498 2681 658 2756 estalter3
675 2687 834 2760 atcorpus
847 2679 1086 2745 multilocatnm
1103 2703 1158 2751 ne·

74 2780 426 2861 quaquam,etquidem
439 2798 478 2843 ex
489 2778 639 2861 opposita
653 2780 800 2855 ratione;
813 2778 891 2859 qnia
906 2786 1011 2842 totum
1023 2790 1070 2843 est
1084 2781 1156 2844 ubi·

74 2897 198 2960 cunque
209 2887 269 2942 est.
576 2958 578 2962 μ

29 3036 30 3043 ,
109 2979 168 3044 Ad.
186 2979 228 3041 tm
239 2977 322 3060 Nepa
333 2995 342 3055 ;
355 2978 412 3040 sed
428 2985 511 3040 esset
522 2994 626 3040 unum
642 2976 676 3038 in
693 2975 845 3057 pluribus
861 2976 943 3038 locis
957 2975 1052 3056 (366).

29 3046 30 3141 i
109 3077 169 3141 Ad.
186 3081 227 3142 5¹¹¹
244 3077 320 3139 Dirt.
339 3075 671 3138 circumscriberetur
695 3075 769 3137 loco
793 3091 860 3135 uno
876 3073 1026 3152 positive,
1043 3084 1074 3138 et
1090 3092 1155 3139 non

29 3144 30 3221 i
75 3176 395 3242 circumscriberetur
408 3173 581 3248 exclusive,
594 3190 693 3248 coeca
705 3170 1033 3235 circumscriberetur
1047 3182 1078 3235 et
1089 3192 1156 3238 non

28 3228 32 3323 ἑ
76 3277 394 3342 circumscriberetur
410 3274 559 3355 positive,
576 3290 664 3353 cepo.
683 3271 1072 3351 Videlicetquuminnno
1085 3272 1158 3336 loco

29 3370 30 3451 ζ
76 3388 163 3455 esset,
177 3379 401 3440 contineretur
416 3372 513 3454 spatii
527 3371 627 3433 debiti
645 3371 819 3445 limitibus,
848 3387 915 3437 non
939 3377 1048 3433 tamen
1063 3371 1107 3434 ita
1123 3386 1159 3435 ut

29 3456 30 3495 *
78 3479 134 3542 boc
148 3475 385 3557 impedimento
401 3481 495 3548 esset,
511 3473 689 3553 quominus
697 3468 763 3533 alio
777 3470 810 3530 in
828 3469 913 3545 loco,
927 3470 1159 3537 sendefinitive

29 3556 30 3575 ἒ
76 3572 421 3653 seucircumscriptire
443 3568 679 3632 contineretur.

29 3626 31 3717 7
113 3674 171 3737 td.
186 3673 228 3734 4¹³
244 3672 322 3734 bist.
336 3668 456 3732 Moveri
469 3674 578 3749 posset
593 3665 738 3728 motibus
751 3665 967 3728 contrariisut
979 3665 1157 3747 apluribus

29 3764 30 3853 3
77 3772 161 3845 locis,
176 3787 259 3834 coac.
279 3786 288 3845 ;
305 3776 340 3830 ut
353 3766 394 3829 ab
405 3767 520 3830 eodem
536 3766 621 3840 loco,
634 3783 722 3844 nepo.
740 3763 824 3826 Sane
836 3781 955 3844 corpus
967 3764 1002 3825 in
1015 3766 1154 3828 naturali

29 3858 30 3935 ἶ
77 3889 131 3934 suo
145 3879 227 3932 statu
243 3867 417 3932 contrariis
442 3864 586 3928 motibus
616 3865 738 3927 moveri
758 3881 822 3926 non
840 3874 956 3944 potest,
981 3866 1057 3945 quia
1071 3884 1155 3930 ‘cum

29 3990 30 4023 ³
78 3988 173 4033 unum
183 3970 292 4033 locum
304 3979 456 4047 occupet,
473 3965 501 4027 si
514 3965 687 4027 contrariis
700 3962 845 4026 motibus
858 3976 1057 4041 moveretnn,
1067 3982 1153 4046 mgr.
