2792 4600
223 345 285 408 334
662 356 853 403 uosuouoon.

222 463 339 539 doctor
349 474 418 537 zelo
431 474 596 555 praecipue
611 472 798 535 christianae
810 471 993 553 religionis,
1005 494 1019 530 r
1030 489 1072 535 ue
1083 471 1165 536 forte
1177 471 1314 554 aliquis,

223 571 238 631 i
263 574 311 636 sic
341 572 409 646 ille,
427 572 514 652 quod
538 570 615 634 fidei
632 579 681 633 est
696 571 922 635 demonstrare
939 588 1151 651 praesumens,
1169 573 1318 633 rationes

225 695 240 733 r
265 689 330 737 uon
341 671 538 756 necessarias
551 669 777 750 inducamque
790 669 956 750 praebeant
968 668 1136 733 materiam
1150 666 1317 730 irridendi
1383 737 1384 748 χ

223 793 238 830 ι
264 769 465 846 infidelibus,
479 767 743 831 existimantibus
751 785 811 832 nos
824 775 958 848 propter
973 766 1160 848 hujusmodi
1170 767 1318 830 rationes

224 891 239 929 ι
264 867 398 932 credere
427 886 500 949 quae
522 866 598 929 fidei
625 874 702 929 sunt
717 869 795 944 tal.»
824 865 871 928 lta
892 864 1089 946 loquebatur
1113 865 1259 946 Aquinas
1275 881 1318 928 eo

222 978 371 1049 tempore
383 985 450 1049 quo
461 965 713 1031 averroistarum
725 965 876 1047 impietas
887 966 1075 1029 christianae
1087 963 1318 1029 fideimaxime

222 1067 410 1129 minabatur
427 1084 435 1142 ;
453 1066 533 1128 illuc
547 1083 676 1144 semper
687 1073 838 1143 spectans
854 1072 889 1127 ut
905 1065 1182 1145 philosophorum
1195 1063 1318 1144 placita

223 1185 299 1231 cum
328 1165 403 1239 lide,
433 1183 497 1246 qua
519 1163 589 1227 fieri
618 1172 736 1243 posset,
764 1164 869 1227 amice
891 1164 1093 1227 conciliaret.
1123 1160 1226 1243 igitur
1255 1162 1316 1244 qui

224 1263 340 1328 muudi
353 1263 464 1326 aeterni
482 1261 735 1342 possibilitatem
747 1262 937 1336 admittunt,
955 1280 981 1323 s.
995 1261 1120 1325 Thomu
1135 1262 1186 1324 siu
1202 1262 1317 1324 minus

222 1366 318 1439 duce,
332 1373 364 1427 at
378 1372 465 1426 certe
480 1362 606 1425 fautore
617 1361 812 1441 gloriantur.
828 1360 893 1424 Sed
907 1362 1092 1443 oppositam
1104 1360 1317 1436 seutentiam,

223 1472 340 1546 praeter
354 1463 524 1527 albertum
540 1477 707 1540 magnum,
717 1479 744 1524 s.
759 1460 1186 1541 Beneventummaliosque
1201 1458 1317 1540 magni

222 1563 369 1627 nominis
382 1562 543 1634 ductores,
559 1559 713 1624 Ecclesiae
730 1567 849 1639 patres,
867 1558 1058 1640 quicunque
1073 1558 1114 1622 de
1125 1560 1190 1621 leae
1204 1557 1316 1620 reali·

223 1660 303 1743 quid
330 1661 501 1740 scripsere,
525 1657 665 1720 Basilius
692 1657 833 1720 maxime
863 1665 895 1721 et
916 1657 1127 1738 Augustinus,
1145 1675 1183 1719 ac
1198 1673 1316 1719 recen·

222 1760 322 1824 tiores
339 1758 405 1820 lere
420 1775 535 1821 omues
546 1756 809 1838 amplectuntur;
823 1757 1124 1838 aquiuusminime
1139 1756 1316 1821 disceden-

223 1859 302 1922 dum
319 1857 554 1919 existimamus.
1049 1840 1055 1856 '

264 1969 337 2034 286.
361 1970 540 2033 Paneasrmo
565 1960 617 2033 lv‘.
642 1958 776 2032 Mundae
799 1970 838 2030 ud
858 1977 970 2031 otono
991 1969 1130 2031 coemitur
1153 1968 1317 2031 intrimece

220 2075 382 2153 repugnat.
1075 2115 1088 2132 .

264 2169 511 2230 demonstratur
532 2167 763 2247 multipliciter
791 2186 830 2229 ex
851 2167 1066 2249 repugnantia
1089 2166 1319 2229 multitudinis

226 2267 363 2331 infinite
375 2265 424 2341 (0.
442 2268 525 2345 550).
542 2266 576 2330 Si
590 2266 679 2330 enim
697 2266 842 2331 mundus
854 2284 983 2349 semper
1000 2266 1125 2345 luisset,
1143 2266 1265 2330 infiniti
1283 2286 1318 2332 v.
1386 2295 1387 2321 1

221 2384 273 2447 gr.
300 2366 369 2428 dies
395 2365 594 2428 hodiernum
623 2363 711 2427 diem
725 2366 979 2446 praecessissent,
1002 2374 1056 2430 aut
1077 2375 1163 2429 certe
1184 2366 1322 2429 infinita

222 2466 381 2545 temporis
396 2464 564 2527 intervalla
582 2464 721 2545 periodo
735 2464 863 2529 diuruae
884 2467 1034 2546 aequalia.
1052 2468 1119 2530 lloc
1134 2466 1320 2530 aduersarii
1341 2462 1346 2469 ’

221 2564 323 2629 nostri
337 2565 424 2626 ultro
436 2564 633 2627 concedunt.
655 2564 728 2639 Quo
743 2564 862 2645 posito,
880 2566 1059 2649 arguimus:

262 2680 343 2773 1⁰3³
361 2680 503 2741 mundus
519 2696 649 2759 semper
675 2679 749 2752 fuit,
766 2681 889 2743 exstitit
904 2679 1082 2745 multitudo
1096 2689 1167 2744 cetu
1182 2681 1322 2744 infinita

221 2780 362 2866 dierum.
381 2779 444 2841 Sed
460 2778 569 2842 omnis
589 2779 767 2844 multitudo
790 2788 861 2843 actu
875 2780 1003 2843 infinita
1025 2788 1193 2862 repugnat.
1211 2782 1319 2862 Ergo.

163 2943 168 2954 .
243 2917 246 2922 ’
263 2896 337 2961 287.
355 2893 573 2959 Confirmatur
589 2906 830 2978 argumentum.
847 2898 929 2962 Nam
945 2897 1111 2960 inlinitum
1128 2915 1194 2959 non
1210 2897 1320 2962 modo

222 3013 293 3057 esse
306 2994 421 3074 nequit
436 2994 471 3056 in
492 2993 705 3058 multitudine
721 3014 794 3075 quae
812 2995 854 3057 sit
865 2995 965 3057 simul
977 3005 1062 3072 actu,
1080 2995 1135 3057 sed
1152 3012 1259 3076 neque
1278 2996 1320 3059 in

222 3091 428 3158 successione
451 3092 613 3171 praeterita
626 3115 637 3167 ,·
664 3092 813 3173 quamvis
828 3111 898 3155 esse
915 3093 1018 3172 possit
1045 3093 1079 3154 in
1102 3093 1319 3157 successione

221 3193 341 3255 lutura.
358 3190 486 3255 Etenim
511 3191 677 3255 infinitum
694 3193 728 3253 in
742 3191 948 3255 successione
959 3193 1067 3255 futura
1079 3203 1127 3254 est
1142 3192 1317 3256 inlinitum

219 3290 376 3352 duntaxat
402 3290 613 3369 inpotentia,
636 3307 755 3371 nempe
785 3291 893 3372 quoad
920 3290 1170 3371 possibilitatem
1201 3292 1317 3354 incre-

220 3386 334 3461 menti,
349 3386 383 3448 iu
403 3404 466 3468 qua
479 3385 641 3449 infinitate
652 3387 743 3449 nulla
755 3398 802 3452 est
816 3389 1032 3470 repugnantia
1049 3407 1057 3466 ;
1071 3389 1127 3451 sed
1141 3387 1318 3451 inlinitum

219 3486 255 3549 in
271 3485 476 3548 successione
503 3485 666 3564 praeterita
683 3495 732 3549 est
754 3486 920 3549 infinitum
946 3486 1054 3566 quoad
1077 3497 1184 3550 actum
1201 3486 1318 3550 incre·

218 3583 320 3647 menti
337 3584 473 3663 accepti.
1184 3591 1186 3596 ·

261 3682 381 3747 Revera
395 3688 425 3759 o)
452 3698 549 3743 omne
575 3680 739 3744 infinitum
763 3689 818 3743 aut
834 3688 881 3742 est
896 3679 1062 3744 infinitum
1079 3683 1235 3763 potentia,
1253 3691 1319 3746 aut

218 3788 304 3845 actu.
318 3779 381 3842 Sed
397 3778 563 3840 infinitum
580 3778 614 3841 in
627 3780 833 3845 successione
844 3779 1005 3859 praeterita
1019 3779 1248 3859 proteetonon
1261 3789 1320 3844 est

218 3868 383 3942 inlinitum
401 3875 655 3958 potentia.E1·go
671 3888 720 3940 est
733 3876 904 3941 inlinitum
919 3885 1005 3942 actu.
1022 3877 1119 3959 Erga.

146 4033 155 4047 ‘
247 4039 467 4095 (distimulo.
