2792 4600
431 350 517 395 stoan
539 349 673 407 suerrus,
697 350 789 395 eaeor
811 350 859 395 n.·
1127 332 1188 396 383

131 465 337 530 Praeteritum
351 475 381 525 et
399 465 545 527 futurum
561 474 637 527 sunt
653 465 735 527 ideae
752 466 891 528 relativae
903 465 942 528 ad
958 464 1092 547 aliquod
1107 484 1188 548 prae·

16 579 17 642 ξ
88 582 178 640 sens,
196 581 316 643 nempe
332 562 378 623 ad
395 563 529 642 aliquod
554 581 636 626 esse.
664 564 882 626 Continentur
905 564 994 625 enim
1018 561 1093 658 ideq
1118 582 1185 627 non

86 681 161 725 esse
173 664 273 725 unius
293 662 386 722 relati
403 662 444 722 ad
471 679 541 724 esse
557 660 705 737 alterins,
723 679 740 722 a
756 680 823 743 quo
840 662 986 743 primum
1010 661 1093 725 illud
1117 682 1189 726 esse

16 751 17 774 ³
86 760 288 824 excluditur.
304 758 465 820 llifferunt
483 767 594 821 autem
610 759 644 820 iu
665 762 744 833 hoc,
761 759 850 841 quod
868 778 970 841 quum
987 760 1188 841 praeteritum

16 905 17 920 .
86 859 311 940 concipimus,
328 858 437 938 primo
452 858 660 939 concipimus
672 843 744 921 esse
755 859 816 933 rei,
834 875 872 920 ac
888 859 1032 922 secundo
1048 861 1117 938 eius
1134 878 1188 921 ex-

87 959 274 1021 clusionem
306 975 364 1037 per
385 956 475 1018 aliud
501 974 593 1019 esse:
621 973 724 1037 quum
754 967 864 1019 autem
891 955 1054 1033 futurum,
1080 956 1188 1038 primo

88 1055 299 1136 concipimus
328 1073 399 1116 esse
420 1054 467 1117 rei
490 1056 657 1118 exclusum
679 1074 738 1136 per
752 1054 843 1118 aliud
864 1074 946 1129 esse,
976 1073 1013 1118 ac
1043 1056 1189 1119 secundo
1269 1107 1278 1114 ,

88 1172 163 1217 esse
178 1154 325 1235 ejusdem
340 1154 388 1216 rei
405 1171 472 1217 non
488 1155 667 1229 exclusum,
686 1153 744 1217 sed
761 1154 938 1218 excludens
950 1154 1041 1217 alind
1058 1172 1144 1219 esse.

131 1270 166 1331 5⁰
189 1272 279 1333 Patet
293 1278 402 1330 antem
420 1269 476 1330 has
492 1269 681 1343 relationes,
699 1270 727 1332 si
741 1271 810 1334 sola
826 1278 992 1352 spectetur
1006 1270 1184 1346 successio,

90 1385 164 1429 esse
179 1367 355 1430 relationes
371 1368 509 1429 rationis
521 1377 553 1429 et
568 1369 779 1432 extrinsecas.

133 1481 168 1545 6⁰
184 1480 349 1561 intelliges
379 1488 545 1562 postremo
574 1482 654 1564 quid
684 1484 727 1545 sit
755 1482 979 1545 coexistentia.
1009 1482 1099 1545 Tunc
1118 1483 1190 1547 duo

91 1579 274 1642 coexistere
289 1579 510 1661 concipimus,
527 1597 629 1661 quum
645 1580 686 1644 de
697 1580 870 1662 utriusque
882 1581 1053 1644 existentia
1069 1582 1190 1661 cogita-

91 1694 180 1753 mus,
197 1678 279 1758 quin
298 1678 340 1739 de
356 1678 546 1740 alterutrius
562 1696 628 1741 non
651 1679 823 1742 existentia
852 1678 1044 1759 cogitemus.
1076 1679 1190 1748 iloexi·

90 1776 212 1838 stentia
227 1772 387 1837 nimirum
401 1788 450 1837 est
465 1775 662 1856 simpliciter
676 1776 839 1840 existentia
849 1777 992 1858 plurium
1008 1795 1074 1858 quc
1084 1795 1114 1838 se
1124 1795 1190 1839 non

90 1876 277 1937 exerceant.

69 1975 73 1988 ‘
132 1973 435 2055 *395.Pnoros1rro
463 1989 516 2053 lv.
551 1989 679 2080 Tempus
716 1991 797 2053 reale
822 1991 1007 2055 continuum
1034 2001 1087 2067 cst,
1118 2010 1190 2056 oon

16 2149 17 2166 ,
90 2101 236 2153 constans
251 2108 289 2153 cc
302 2090 556 2152 indivisibilibus.

131 2188 216 2251 Nam
229 2189 261 2251 l⁰
276 2198 405 2269 tempus
420 2190 507 2251 reale
523 2188 703 2252 mutatione
719 2190 918 2253 continetur.
931 2191 1066 2255 Mutatio
1082 2201 1189 2256 antem

24 2282 26 2286 ’
91 2296 140 2350 est
157 2288 267 2369 ipsum
281 2288 350 2370 fieri
364 2287 425 2366 rei,
442 2307 515 2370 quae
536 2306 604 2353 non
627 2296 734 2352 totum
763 2289 874 2365 simul,
892 2288 948 2353 sed
968 2289 1134 2370 paulatim,
1151 2308 1189 2353 ac

16 2386 17 2481 j
95 2376 156 2468 per
175 2397 283 2470 partes
306 2406 373 2451 non
397 2388 597 2468 interruptas
613 2405 710 2450 sunm
727 2398 797 2451 esse
823 2388 976 2469 acquirit.
993 2389 1188 2468 lluJusmodi

16 2494 17 2525 ³
93 2497 204 2548 autem
217 2486 373 2549 transitus
391 2486 640 2549 continuitatem
665 2486 841 2568 qnamdam
859 2487 1026 2569 importat.
1045 2487 1187 2569 Tempus

94 2584 197 2665 igitur
211 2586 298 2648 reale
317 2585 512 2648 continuum
528 2585 695 2666 quoddam
717 2594 776 2650 est.

136 2703 171 2764 2⁰
192 2701 386 2764 Mutationes
401 2719 516 2781 omnes
531 2718 697 2782 corporea
716 2702 918 2766 reducuntur
936 2701 977 2763 ad
994 2709 1120 2765 motum
1137 2702 1187 2766 lo·

94 2800 212 2875 calem,
229 2800 295 2863 sive
310 2800 555 2875 translatitium,
572 2802 640 2863 sive
652 2799 848 2862 intestinum
864 2801 1075 2882 corporibus.
1087 2801 1187 2882 Atqui

95 2906 205 2960 motus
221 2898 334 2961 localis
348 2906 496 2960 constare
513 2898 627 2979 nequit
642 2917 681 2960 ex
692 2897 965 2961 indivisibilibus.
981 2898 1086 2962 Motus
1098 2899 1187 2962 enim

95 2995 211 3059 localis
237 2995 271 3059 fit
293 2996 334 3058 ab
364 3013 431 3059 uno
453 2997 527 3059 loco
550 2996 590 3058 nd
613 2995 764 3059 alterum.
785 2995 837 3059 Fit
865 3014 942 3077 ergo
964 2997 1187 3078 percurrendo

96 3103 218 3157 certam
241 3095 386 3177 aliquam
409 3094 647 3160 extensionem.
668 3096 824 3160 Extensio
841 3104 961 3171 autem,
980 3105 1015 3159 ut
1031 3096 1112 3158 alibi
1128 3096 1186 3159 de-

97 3196 350 3259 monstravimns
366 3194 461 3274 (158),
472 3192 539 3259 non
550 3195 762 3276 componitur
773 3193 1091 3259 exindivisibilibus.
1101 3193 1187 3275 Ergo

96 3293 195 3354 etiam
211 3301 331 3357 motus.
348 3292 434 3374 Ergo
448 3294 546 3357 etiam
569 3304 710 3375 tempus.
729 3293 809 3355 Vide
827 3292 1033 3356 Aristotelem
1050 3293 1083 3354 in
1103 3293 1187 3374 phy·
1274 3336 1276 3341 ·

16 3462 17 3483 ,
96 3388 174 3452 sicis
190 3394 239 3470 (a).

138 3505 235 3571 *oet
253 3504 388 3577 Quodsi
405 3507 525 3588 quasit
542 3507 678 3570 mutatio
695 3505 878 3587 improprie
895 3505 992 3570 dicta.
1008 3525 1081 3587 quae
1097 3505 1186 3569 indi·

96 3605 218 3681 risibili
242 3615 406 3668 memento
431 3605 498 3680 fiat,
516 3614 551 3668 ut
569 3616 616 3668 est
638 3606 761 3669 creatio
787 3624 825 3667 ex
839 3605 957 3681 nihilo,
974 3606 1042 3668 haec
1056 3613 1187 3686 tempus
1259 3608 1265 3619 '

16 3742 17 3786 ἒ
97 3722 163 3768 non
179 3694 361 3781 constituit,
379 3705 436 3767 sed
456 3706 562 3786 signat
582 3720 787 3768 momentum
802 3704 837 3767 in
854 3714 1002 3786 tempore
1020 3704 1114 3785 (ael).
1131 3704 1187 3769 Sic

97 3820 229 3884 quoqne
244 3813 352 3864 motus
364 3801 503 3867 finisaut
511 3803 721 3886 interruptio,
736 3802 1015 3885 quemadmodum
1027 3812 1186 3885 punctum

16 3924 17 3937 ¹
98 3901 132 3964 in
148 3900 347 3974 extensione,
363 3900 408 3963 ita
424 3909 627 3966 momentum
644 3901 849 3965 indivisibile
866 3901 1058 3982 intempore
1066 3902 1184 3983 signat.

125 4030 156 4085 tl)
171 4028 243 4089 Phys.
255 4030 295 4078 v1.
307 4038 365 4079 text
375 4033 399 4086 4,
408 4031 480 4078 cth.
490 4038 549 4078 text.
560 4031 597 4078 99.
