2792 4600
175 281 235 348 238
621 299 812 346 cosuouosu.

169 416 296 479 diversa
310 425 359 479 est
378 416 419 478 ab
445 416 637 496 operatione
658 415 941 498 componentium,
962 415 1072 495 ipsum
1093 415 1163 495 eins
1183 433 1256 478 esse

171 512 378 576 immutatum
394 523 453 577 est.

211 627 244 687 2⁰
265 627 299 690 si
314 628 442 707 agentia
457 628 617 690 naturalia
633 645 754 690 novum
775 635 845 690 esse
866 626 1080 690 substantiale
1102 644 1168 689 nou
1185 644 1263 708 pro·

169 726 307 802 ducunt,
325 727 411 789 nibil
428 736 572 808 agerent.
860 729 867 741 '

212 815 264 890 lb.
287 827 386 908 Resp.
402 827 480 909 Nep.
498 837 565 889 ant.

211 922 258 985 ild
283 925 434 1006 truesp.
466 926 498 987 1ο
531 924 655 988 nouem
690 931 895 1005 argumento,
931 942 996 986 uua
1026 941 1100 986 cum
1131 924 1262 986 ratione

147 1022 292 1099 addita,
311 1024 450 1105 probare
459 1042 598 1105 possem,
612 1025 959 1105 iunemnoncomponi
978 1024 1260 1086 exminutissimis

171 1117 427 1187 tilamentisactu
437 1124 668 1205 perstantibus,
686 1133 719 1186 et
734 1124 768 1186 iu
785 1122 1118 1187 domononesseactu
1133 1122 1263 1203 lapides

170 1221 294 1303 quibus
309 1224 497 1297 exstruitur,
514 1222 644 1303 aliaque
657 1221 847 1304 hujusmodi
865 1232 1027 1288 sexcenta.

136 1375 142 1387 ·
212 1338 310 1421 Resp.
328 1339 361 1402 2⁰
377 1340 455 1404 bist.
472 1351 539 1404 oct.
556 1341 689 1404 lllixlum
714 1340 897 1403 manifestat
913 1358 1011 1404 novas
1030 1341 1115 1403 vires
1131 1358 1168 1402 ac
1182 1357 1261 1420 pro-

171 1438 324 1519 prietates
339 1458 412 1520 quae
434 1440 592 1503 resultant
607 1460 645 1503 ex
668 1440 793 1502 viribus
808 1458 845 1502 ac
858 1439 1112 1521 proprietatibus
1124 1456 1261 1519 compo·
1372 1445 1381 1472 ⁴

171 1538 319 1600 nentium
333 1538 431 1600 simul
448 1538 727 1619 conspirantibus,
751 1557 857 1613 conc.,·
874 1556 978 1613 secus,
996 1557 1085 1618 nepo.
1102 1537 1261 1602 Oriuntur
1340 1593 1344 1597 .

169 1635 260 1697 euim
283 1635 317 1697 iu
340 1635 523 1717 composito
550 1653 641 1699 novae
671 1636 888 1716 proprietates
919 1637 1031 1699 eodem
1053 1645 1147 1717 pacto
1168 1654 1205 1700 ac
1225 1636 1259 1697 in
1380 1629 1382 1638 ⁴

172 1753 311 1816 corpore
326 1721 415 1798 moto
431 1735 689 1800 duabusviribus
706 1737 812 1800 oritur
830 1744 984 1799 motusex
1001 1747 1138 1818 utraque
1153 1737 1260 1800 resul-

171 1845 255 1909 tans,
269 1843 300 1895 et
314 1832 422 1895 mmen
436 1834 476 1895 ab
489 1821 628 1914 utiaque
643 1834 804 1898 diversus.

215 1949 294 2013 oet.
315 1969 397 2014 coos.
413 1949 498 2031 Ergo
520 1951 742 2032 compositum
758 1969 879 2014 novum
895 1969 964 2013 esse
979 1949 1193 2013 substantiale
1207 1969 1262 2015 ac·

173 2048 310 2131 cepit3i.
328 2068 357 2111 e.
375 2066 495 2112 novum
511 2048 1261 2129 modumessendisubstantiarumcomponeu-

137 2162 141 2170 ·
173 2146 268 2222 tium,
285 2166 324 2209 ex
339 2148 1128 2230 quoprodiitnovasubstantiacomposita,cone.,·
1145 2166 1262 2211 novam

173 2244 312 2308 formam
328 2245 575 2310 substantialem
592 2246 852 2327 peripateticam,
869 2265 957 2328 nepo.

212 2342 261 2406 Ad
277 2354 337 2409 rat.
354 2344 430 2408 add.
454 2345 607 2426 Operatio
622 2346 771 2427 sequitur
786 2365 867 2421 esse,
882 2355 921 2409 tr.

214 2460 299 2539 Ergo
315 2460 343 2522 si
365 2461 513 2541 operatio
529 2460 620 2522 mixti
638 2461 768 2523 diverso
790 2469 839 2522 est
860 2458 900 2522 ab
923 2462 1113 2541 operatione
1128 2479 1262 2542 compo·

174 2560 336 2631 nentium,
355 2558 462 2637 ipsum
475 2558 545 2639 ejus
561 2576 632 2621 esse
644 2559 853 2620 immutatum
865 2567 924 2633 est,
941 2560 1011 2621 diat.
1028 2577 1111 2622 cons.
1129 2560 1185 2621 Vel
1203 2577 1263 2639 per

174 2656 377 2720 additionem
400 2656 539 2738 alicujus
561 2658 730 2732 realitatis,
755 2668 790 2721 ut
814 2658 919 2738 placet
947 2658 1192 2740 peripateticis,
1209 2658 1259 2722 vel
1339 2712 1342 2716 .

175 2755 445 2837 proptereaquod
458 2755 822 2819 immutatnssitmodus
835 2756 962 2819 essendi
977 2757 1262 2837 componentium,

176 2863 210 2916 ut
226 2853 330 2934 placet
345 2851 452 2927 nobis,
465 2871 565 2929 coce.;
582 2854 688 2918 solum
703 2872 761 2935 per
776 2853 980 2918 additionem
995 2855 1162 2929 realitatis,
1172 2873 1262 2936 nepo.

215 2969 263 3031 Ad
275 2968 326 3031 2¹¹¹.
343 2970 479 3049 Agentis
502 2971 662 3035 naturalia
678 2971 764 3033 nihil
788 2983 888 3053 agunt
903 2971 931 3033 si
953 2989 1076 3034 novum
1097 2990 1167 3034 esse
1181 2971 1274 3033 subc

79 3094 82 3097 ’
174 3071 324 3133 stantiale
335 3088 401 3134 non
414 3071 611 3151 producunt,
625 3073 697 3135 dist.
709 3082 960 3152 utconsequens
971 3071 1152 3152 superioris
1167 3088 1264 3151 argu·

176 3169 290 3231 menti.
307 3171 370 3233 Res
383 3177 431 3232 est
446 3169 628 3232 manifesta.

216 3282 267 3346 76.
292 3283 486 3360 Placetbuic
501 3301 634 3364 quoque
649 3284 840 3348 satisfacere
850 3292 1054 3362 argumento,
1064 3283 1153 3364 quod
1166 3282 1263 3347 uobis

173 3382 374 3464 quandoque
401 3379 566 3459 objicitur.
591 3381 732 3444 Theoria
759 3382 839 3455 haec,
861 3381 1036 3460 inquiunt,
1069 3381 1212 3443 materiae
1234 3390 1266 3444 et

175 3481 289 3544 formae
319 3479 567 3542 fundamentum
593 3489 641 3542 est
664 3479 824 3542 universa
849 3479 1008 3542 doctrinm
1026 3478 1060 3542 S.
1085 3481 1218 3543 'lbomae
1233 3487 1265 3542 et

175 3578 458 3643 scholasticorum.
487 3580 560 3643 llaec
583 3596 683 3659 porro
712 3578 862 3642 doctriua
887 3586 918 3642 et
947 3596 1021 3641 vera
1037 3588 1096 3650 est,
1117 3571 1159 3640 'et
1173 3579 1264 3641 omni

155 3744 158 3753 ,
174 3678 383 3740 veneratione
397 3678 507 3758 digna.
531 3675 616 3756 Ergo
632 3677 723 3738 illius
744 3694 878 3756 quoque
890 3675 1137 3739 fundamentum
1151 3694 1265 3739 verum

176 3775 219 3837 sit
233 3783 373 3855 oportet.

217 3871 314 3954 Resp.
332 3876 375 3938 1⁰.
391 3873 466 3956 Nep.
482 3874 740 3954 consequentium.
765 3874 865 3936 Docet
878 3871 968 3933 enim
985 3872 1102 3951 logica
1117 3873 1263 3934 etiamex

163 4020 165 4025 .
177 3969 258 4035 lalso
266 3972 588 4051 antecedauteveram
596 3958 780 4036 doctrinam
789 3969 943 4036 concludi
950 3972 1099 4052 posselb.
1109 3971 1262 4050 milti.
