2792 4600
172 354 233 419 232
618 369 811 418 cosuoncctt.

170 485 321 561 affinitas,
335 495 371 549 ut
386 493 472 566 patet
485 504 525 549 ex
540 503 579 549 eo
595 485 776 566 presertim
803 485 890 566 quod
918 483 948 545 t·
973 480 1112 544 affinitas
1137 480 1207 543 haeo
1223 480 1260 541 in

171 603 236 648 una
260 583 440 667 eadem'que
461 584 643 649 substantia
657 584 746 647 veria
760 592 808 647 est
824 601 884 664 pru
900 582 1038 645 diversis
1053 580 1261 655 substantiis,

170 702 209 747 33
223 686 256 748 2⁰
278 702 344 748 non
360 685 523 747 emittitur
547 702 608 747 nec
629 683 792 746 minuitur
806 682 847 745 ad
864 681 1000 745 modurn
1020 690 1169 745 motuum
1193 697 1264 743 rne-

171 784 399 859 chenicorum,
416 784 473 847 sed
489 801 619 865 semper
635 783 667 844 in
685 782 804 846 atomis
821 782 933 844 eadem
961 788 1143 862 permanet,
1160 789 1261 861 atque

172 880 208 943 in
223 883 420 964 opportunis
433 882 596 963 adjunctis
609 881 764 944 exeritur.

611 1046 774 1098 eutichius
796 1048 827 1093 V·

455 1161 613 1226 Statuitur
626 1162 808 1224 atomirrnns
821 1161 979 1224 cttmtrnr.

216 1278 267 1342 65.
284 1276 369 1339 Satis
384 1279 426 1341 sit
440 1277 481 1339 de
492 1277 671 1358 antiquatis
683 1275 900 1356 opinionibus
914 1293 922 1340 :
937 1275 977 1337 ad
991 1274 1195 1338 statuendam
1212 1292 1265 1337 ve·

175 1378 303 1437 ritatem
316 1374 582 1438 deveniemusin
596 1390 662 1455 quo
679 1392 745 1436 non
761 1383 808 1435 est
824 1373 925 1436 modo
936 1372 1029 1434 vaide
1045 1371 1264 1434 laborandum

176 1475 411 1554 metaphysica.
431 1475 487 1537 ilis
503 1474 593 1537 enim
610 1473 643 1535 in
661 1473 758 1536 rebus
774 1490 839 1535 non
856 1490 874 1533 a
897 1471 1000 1553 priori
1017 1471 1265 1552 procedendum

176 1581 235 1647 est,
253 1572 309 1634 sed
321 1590 339 1634 e
352 1573 526 1653 posteriori
544 1590 601 1653 per
615 1571 860 1634 observationes
872 1579 903 1633 et
915 1569 1153 1650 experimenta3
1163 1586 1268 1650 quere

175 1677 282 1732 tutum
297 1668 365 1731 iere
380 1670 546 1750 negotium
562 1671 623 1734 hoc
635 1670 808 1751 physicum
820 1679 879 1731 est.
891 1667 1020 1748 Physici
1034 1684 1111 1730 vero
1122 1669 1188 1746 jem
1204 1671 1267 1730 suo

176 1767 308 1829 muneri
341 1767 473 1831 abunde
503 1768 699 1839 satisfecere,
724 1767 892 1847 proposita
927 1765 1092 1829 atomismi
1128 1766 1267 1829 chinrici

178 1865 351 1946 hypothesi
364 1884 373 1943 ;
389 1884 453 1948 que
468 1866 558 1929 nulia
574 1865 647 1940 3113,
666 1884 723 1929 333
739 1865 878 1940 tirmior,
892 1883 948 1927 seu
963 1864 1159 1929 concinnior
1173 1883 1267 1928 enco-

178 1962 274 2043 311331
292 1983 388 2044 posse
410 1964 548 2028 videtur.
563 1965 633 2028 Duo
646 1966 747 2045 igitur
759 1965 856 2028 nohis
870 1965 1050 2045 prestanda
1065 1973 1158 2029 sunt:
1177 1967 1212 2027 1⁴>
1232 1974 1268 2028 ut

181 2080 199 2122 3
216 2061 361 2142 physicis
385 2062 559 2126 atomicam
586 2064 748 2127 theoriam
765 2063 976 2144 recipiamus,
992 2081 1029 2125 33
1044 2063 1268 2144 recipiendam

178 2179 249 2223 esse
275 2162 560 2226 demonstremus:
579 2162 613 2225 2⁰
634 2176 670 2225 ut
686 2180 785 2243 porro
811 2163 991 2239 videamus,
1008 2180 1048 2224 an
1065 2163 1200 2226 theoriae
1217 2161 1267 2223 1111

179 2259 304 2341 atiquid
319 2259 543 2339 adjiciendum
560 2261 613 2337 sit,
624 2280 689 2343 quo
702 2262 903 2344 experientia
916 2261 1101 2343 pertingere
1115 2269 1267 2341 nequeat.

179 2357 329 2420 Primum
345 2358 486 2421 breviter
501 2360 725 2440 expediemus.

220 2456 272 2521 ot.
296 2457 475 2523 Pnorosrno
496 2459 549 2522 Vi.
574 2458 612 2522 Ut
636 2460 672 2522 de
699 2478 861 2538 corporum
885 2460 1100 2522 constitutione
1126 2467 1203 2522 recte
1211 2457 1272 2539 ju·
1322 2526 1323 2531 ,

179 2559 323 2630 dicemus,
338 2556 483 2619 univerae
497 2556 657 2637 inprimis
681 2558 811 2621 nonna
837 2559 955 2620 theoria
981 2556 1175 2637 fundamenti
1199 2558 1268 2618 icco

173 2657 400 2719 statuenduest.

221 2755 261 2820 Ut
275 2752 385 2832 aliqua
400 2751 591 2833 hypothesis
606 2750 648 2814 sit
664 2751 858 2832 probabilis,
878 2751 946 2814 haec
961 2750 1023 2814 tria
1037 2751 1269 2832 requiruntur,

176 2852 266 2934 juxta
282 2869 319 2912 ea
334 2868 407 2931 quae
423 2850 457 2912 in
474 2850 578 2930 logica
593 2850 767 2913 docuimus
783 2849 829 2927 (L.
845 2849 917 2928 329)
934 2868 942 2914 ;
963 2850 993 2911 1⁰
1020 2859 1137 2913 utnon
1153 2851 1270 2912 31131)-

179 2949 278 3012 surde
294 2947 445 3024 1333;11
461 2958 496 3011 ut
511 2947 607 3024 uuili,
635 2965 692 3010 seu
718 2948 952 3021 observationi,
968 2965 1025 3010 seu
1042 2948 1271 3028 experimento

179 3045 398 3120 contradicat3
410 3044 445 3108 5⁰
460 3052 495 3108 ut
506 3047 598 3122 iacta,
616 3063 758 3128 quorum
774 3044 877 3125 gratia
892 3046 1080 3121 assumitur,
1094 3047 1272 3109 commode

180 3146 332 3227 explicet.
345 3144 385 3208 Ut
399 3162 475 3207 vero
491 3145 682 3226 hypothesis
697 3154 785 3207 certa
800 3144 866 3218 1131,
883 3145 1065 3226 requiritur
1081 3145 1218 3208 ulterius
1233 3144 1271 3207 4⁰

179 3254 216 3310 ut
231 3222 401 3308 3131133113
417 3243 585 3323 possibilis
610 3262 647 3306 ec
676 3243 858 3324 probabitis
890 3243 1080 3324 hypothesis
1108 3246 1270 3325 assignari

179 3343 440 3426 possitthhhi).

218 3444 288 3506 tam
298 3461 372 3505 vero
381 3443 516 3505 stultum
529 3452 577 3504 est
588 3460 747 3524 querere,
761 3453 871 3507 utrum
883 3442 1048 3506 atomismi
1060 3443 1194 3507 chimici
1213 3445 1271 3524 hy·

180 3542 327 3625 pothesis
343 3540 435 3604 sitin
450 3558 485 3604 se
497 3540 649 3603 absurda.
659 3540 752 3613 Quod
761 3549 868 3604 autem
883 3541 966 3602 uuiti
983 3541 1031 3602 vel
1046 3540 1268 3605 observationi

180 3640 230 3703 vet
257 3637 482 3719 experimento
508 3647 678 3717 repugnet,
706 3656 949 3719 corporumque
973 3640 1203 3702 conversiones
1231 3658 1271 3703 ac

180 3739 397 3819 phrenomeua
410 3735 535 3809 omnia,
551 3735 591 3797 nd
610 3754 683 3816 quae
698 3737 891 3817 explicanda
906 3736 1095 3811 assumitur,
1113 3738 1271 3818 praectare

179 3836 330 3918 explicet,
346 3834 408 3897 hoc
423 3834 591 3898 uberrime
605 3836 733 3915 physici
751 3835 989 3899 demonstrant.
1065 3844 1068 3849 ’

220 3933 351 3999 Nullam
366 3950 442 3997 vero
457 3933 556 3996 etiarn
572 3934 780 4016 hypothesim
797 3934 988 4015 possibilem
1003 3943 1100 4015 etque
1116 3936 1273 4015 prohabi-

181 4033 258 4109 lem,
285 4032 352 4093 hac
375 4032 505 4111 reiecta,
533 4040 717 4113 suppetere,
746 4032 779 4094 id
796 4049 931 4114 quoque
946 4031 1074 4115 physici
1091 4034 1272 4100 ostendunt
