2792 4600
184 386 251 450 aas
682 402 783 450 tucax.

181 517 256 574 Aac.
270 519 326 574 Vll.
342 523 516 585 difficultates.
533 517 640 575 Gradus
663 516 844 591 metaplrycisi
871 518 899 571 l⁰
922 516 1071 572 admittunt
1089 532 1104 571 a
1122 523 1199 587 parte

263 592 303 654 rei
317 594 449 649 attributa
472 592 731 648 contradictoria-2⁰
746 593 848 647 habent
860 590 986 646 diversas
1009 589 1199 647 definitiones-

263 666 724 739 3⁰suutpartcstotiusessentiae.
741 665 899 722 solutiones
932 706 939 720 .
1018 706 1026 721 .
1104 704 1112 721 .
1190 662 1276 720 Ata

516 788 519 792 -
563 752 678 804 CAPUT
695 753 729 805 V.
745 752 783 803 lla
799 765 899 805 causas.
1229 745 1232 750 ’

186 832 257 889 Aur.
275 833 296 889 l.
311 837 430 889 Notiouer
449 837 575 900 presumi
587 842 612 888 et
632 851 725 889 crura.
740 833 812 901 Quid
836 833 873 888 sit
894 831 1074 903 principium.
1089 830 1201 902 Triplex

264 907 399 963 connexio
409 908 658 963 consecutionis-et
671 908 772 978 triplex
786 907 914 977 prioritas
940 905 1201 961 animadversiones

264 980 299 1036 de
310 980 452 1051 prioritate
467 982 599 1051 temporis
613 992 641 1036 et
654 991 770 1048 naturae,
783 991 836 1035 tatu
849 981 877 1034 in
892 948 964 1035 stsstu
979 980 1102 1052 physico,
1116 993 1199 1049 quam

265 1053 293 1107 iu
306 1054 400 1110 ideali.
408 1055 579 1125 Principium
588 1066 630 1109 est
640 1064 763 1125 tempore
772 1054 849 1124 prius
859 1053 1023 1124 principatio
1036 1053 1127 1124 prouti
1138 1067 1200 1118 cus,

265 1142 320 1182 non
343 1128 434 1198 prouti
461 1129 637 1198 principium.
654 1127 722 1195 Quae
735 1127 862 1183 dicautur
874 1141 938 1183 esse
952 1128 979 1181 iu
1001 1127 1082 1199 signo
1095 1136 1202 1180 naturae

264 1201 351 1271 priori
365 1201 408 1257 vel
423 1202 580 1271 posteriori,
595 1202 623 1256 in
645 1202 725 1271 signo
744 1200 853 1266 eodem,
875 1200 903 1255 io
930 1200 1018 1273 signis
1040 1199 1199 1270 disparatio.

265 1273 338 1342 Quid
352 1276 389 1330 sit
401 1290 495 1342 causa,
509 1285 537 1329 et
546 1275 696 1346 quotuplex
759 1313 1199 1330 ......
1222 1272 1277 1328 tat

189 1348 257 1404 Aur.
273 1348 360 1405 ll.1te
378 1365 455 1403 cuuto
480 1353 610 1414 efficiente.
625 1348 723 1404 Causae
748 1346 900 1403 efficientes
922 1346 1056 1403 delinitio.
1073 1345 1144 1415 Quid
1164 1347 1202 1401 sit

265 1421 484 1477 activitas-actus
498 1422 604 1492 primns
617 1432 740 1477 carnotus
754 1432 782 1477 et
794 1421 947 1492 proximus,
958 1432 1036 1476 actus
1050 1419 1202 1478 secandus·

266 1494 337 1551 aetio
362 1496 506 1550 transitiva
519 1506 547 1551 et
566 1494 953 1565 iotransitiva-passio-aetus.
969 1494 1123 1551 Causalitas
1135 1509 1202 1549 cau-

267 1584 306 1623 sae
317 1568 401 1623 linitae
413 1569 571 1624 continetur
583 1570 643 1638 ipsa
656 1570 763 1624 actione
774 1584 835 1639 quae
849 1568 878 1622 in
891 1568 1094 1638 praesupposito
1106 1566 1202 1637 subje-

266 1652 311 1697 cto
336 1652 559 1713 exercetur-quaa
584 1645 655 1697 actio
677 1642 751 1697 idern
776 1658 805 1697 re
827 1652 871 1697 est
892 1657 924 1696 ae
950 1642 1052 1712 passio.
1068 1640 1140 1710 Quid
1166 1641 1204 1697 sit

266 1715 388 1771 conditio
399 1726 426 1772 et
436 1717 554 1772 occasio.
568 1716 717 1787 Praecipuae
727 1731 873 1771 causarum
887 1714 1064 1771 efficientium
1079 1715 1204 1786 partitio·

268 1805 319 1844 nes
328 1828 1201 1846 ...........
1225 1789 1279 1845 tas

191 1864 260 1918 Aac.
278 1863 324 1918 lli.
342 1868 513 1919 llteoremuta.
528 1864 609 1919 raca.
623 1863 644 1918 l.
661 1867 788 1929 Qrtidput'd
800 1867 827 1917 iu
841 1867 930 1928 effectu
940 1866 1105 1933 perfectiouis
1118 1870 1166 1926 ert,
1175 1866 1203 1916 itt

264 1949 343 1991 ‘marra
356 1941 436 2002 ipriua
449 1943 581 2004 adaquata
595 1938 765 2003 aliquomodo
783 1940 995 2003 praecautiuetur.
1011 1936 1099 1993 Causa
1114 1944 1204 2006 potest

267 2009 394 2065 ellectum
407 2011 605 2080 praecmatiucre
616 2010 1122 2078 formaliter,eminenter,virtualiter.
1138 2009 1205 2065 Nul-

268 2084 313 2139 lus
332 2083 446 2139 effectas
460 2085 601 2154 adaequata
613 2101 662 2139 sua
674 2099 757 2139 causa
768 2093 929 2153 potestesse
944 2084 1100 2154 perfectior.
1116 2083 1205 2140 Omne

268 2173 354 2230 agens
367 2158 424 2230 agit
436 2158 491 2213 sibi
510 2159 612 2213 simile.
629 2158 783 2213 Discrimen
801 2158 873 2214 inter
892 2173 1004 2213 eausam
1023 2157 1204 2228 principalem

269 2241 296 2286 et
309 2231 561 2287 instrumentalem.
577 2233 658 2287 Pauo.
677 2232 710 2286 ll.
726 2235 808 2285 Causa
821 2236 973 2296 necesaria,
985 2236 1075 2298 potitis
1090 2233 1205 2286 omnibus

267 2310 409 2372 capacitis,
426 2315 524 2360 tantam
546 2310 599 2372 opit
612 2315 733 2373 quautam
752 2312 845 2372 pateat.
861 2305 1041 2362 Coronarum.
1056 2306 1139 2362 Pana.
1155 2303 1203 2360 lll.

270 2383 409 2444 Effectuum
423 2384 558 2433 dirarat‘tar
571 2398 620 2433 oon
633 2397 731 2445 semper
740 2396 873 2433 causarum
884 2383 1097 2446 multiplicitatem
1109 2383 1203 2446 arput't.

270 2452 353 2508 Puer.
369 2453 412 2507 lt.
430 2457 511 2508 Caura
530 2458 678 2520 omniaque
697 2459 724 2506 ia
735 2458 916 2518 praeexistente
928 2459 1037 2518 conjecta
1054 2458 1117 2519 opit,
1131 2469 1206 2520 apere

270 2531 368 2592 nequit,
383 2531 434 2580 alai
444 2532 483 2580 ael
500 2544 546 2593 per
557 2544 594 2592 te,
609 2532 649 2581 uel
654 2544 702 2592 per
714 2531 786 2580 aliud
797 2531 831 2581 ait
852 2531 892 2580 atta·
907 2542 1027 2591 proercua.
1042 2526 1111 2594 Quia
1131 2527 1206 2582 nulla

273 2615 318 2654 res
333 2609 424 2669 potest
442 2617 524 2673 agere
547 2602 593 2656 noi
611 2617 667 2656 nou
679 2611 733 2656 est.
749 2601 838 2657 Causa
861 2600 1032 2656 multimodis
1057 2610 1148 2671 potest
1172 2600 1207 2656 ad

272 2673 426 2742 subjectum
440 2674 642 2744 applicari-tam
657 2674 825 2740 immediate,
840 2690 922 2744 quam
943 2673 1071 2730 mediate.
1088 2674 1207 2730 [lucilla

272 2748 1208 2816 pronuntiatadeclarantur:Modusoperandisequiturraaduntcaaeudi.

273 2823 447 2877 Corinaeum
459 2826 690 2875 eatauuaarauoatt
767 2862 1206 2878 ......
1230 2825 1282 2880 151

198 2895 266 2950 Aur.
282 2894 324 2948 lv.
340 2899 426 2948 Hamil
439 2899 469 2948 de
482 2911 566 2949 causat
578 2899 707 2961 efficientia
729 2903 848 2960 conceptu
861 2911 960 2949 erraret
973 2898 1130 2963 refutantur.
1149 2897 1169 2951 ll
1174 2912 1206 2951 u·

274 2968 323 3022 mii
349 2967 472 3024 doctriua
498 2971 571 3023 eirca
590 2985 688 3024 causas
712 2967 1000 3039 efficientes-ejusque
1024 2970 1205 3025 consectaria.
1237 3006 1244 3020 .

276 3043 356 3098 Pano.
372 3042 402 3096 V.
418 3046 591 3096 certissimum
604 3052 642 3096 eat
657 3049 684 3096 l⁰
697 3059 742 3096 aaa
754 3059 837 3096 causa
861 3046 943 3096 ideam
968 3046 1067 3103 labere,
1084 3048 1112 3097 2⁰
1125 3060 1208 3098 cautu

274 3118 356 3169 ideam
369 3121 535 3181 experientia
545 3133 589 3181 ape
601 3120 738 3182 efformari.
751 3117 949 3189 Cognoscimus
959 3116 1025 3186 quid
1040 3118 1076 3172 sit
1086 3133 1168 3173 causa
1179 3117 1208 3172 in

274 3204 386 3262 genere,
398 3205 454 3244 non
467 3191 534 3260 quid
548 3190 584 3245 sit
596 3191 722 3245 activitas
735 3205 877 3260 causarum
893 3190 920 3244 in
933 3191 1036 3260 specie.
1045 3190 1122 3246 Unde
1135 3191 1208 3247 oria-

274 3272 320 3318 tur
340 3263 504 3333 priucipium
518 3281 525 3318 2
539 3267 656 3330 futurum
668 3272 705 3317 cat
715 3267 848 3328 praeterita
861 3268 953 3318 simile
970 3263 1032 3319 ldea
1049 3280 1140 3320 causae
1153 3264 1207 3321 ori*-

254 3351 258 3356 ’
274 3338 361 3391 turalt
370 3337 609 3405 experierrtiacum
618 3338 798 3409 intelligentia
809 3337 964 3407 conjuncta.
973 3336 1115 3404 Quomodo
1125 3354 1208 3409 pecu·

274 3409 383 3463 liarium
403 3413 536 3464 l'actorum
559 3421 656 3464 causas
673 3426 882 3482 cognoscamus.
898 3411 1036 3481 dliadvest
1054 3412 1206 3481 successio,

274 3482 350 3538 aliud
361 3482 543 3552 dependentia
558 3483 702 3548 laetorum,
715 3484 823 3538 etiamsi
837 3495 967 3540 constans
1025 3526 1032 3539 .
1111 3527 1118 3540 .
1198 3489 1285 3544 ,154

196 3559 257 3614 Aur
281 3562 307 3610 V.
324 3555 463 3625 Rasatatur
476 3562 707 3611 amartaoalisrour.
732 3557 959 3614 Occasioualismi
978 3568 1103 3615 auctores
1115 3567 1143 3614 et
1156 3559 1207 3615 do·

271 3641 372 3704 gruata.
388 3632 470 3686 Puor.
489 3631 531 3685 l'l.
545 3635 633 3685 Gaura
645 3637 761 3684 amarante
773 3648 821 3684 aaa
834 3641 894 3685 aunt
907 3648 974 3686 ruera
987 3635 1155 3687 occasionalem
1167 3638 1207 3687 di·

271 3709 367 3770 ceadu,
379 3709 423 3758 aed
445 3722 503 3759 acre
515 3709 657 3770 efficienter,
675 3705 768 3759 Status
781 3704 943 3775 quaestionis
957 3704 1121 3762 declaratur.
1137 3707 1213 3762 Pro-v

270 3778 350 3832 batur
363 3794 442 3848 prop.
460 3782 487 3834 l⁰
501 3779 589 3849 quoad
605 3778 731 3848 spiritus.
748 3779 791 3831 -020
804 3778 891 3849 quoad
906 3794 1030 3849 corpora.
1109 3821 1116 3837 .
1196 3823 1204 3837 .
1228 3784 1284 3839 157

194 3852 262 3907 Aur.
278 3851 322 3906 Vl.
339 3857 514 3916 difficultates.
527 3853 611 3919 Deus,
623 3868 686 3922 carn
702 3851 793 3906 omnia
808 3868 857 3922 per
867 3869 897 3908 se
907 3869 988 3925 agere
999 3853 1098 3923 possit,
1110 3856 1207 3926 ueqrait

266 3940 312 3981 res
325 3936 431 3982 creatas
443 3927 471 3981 ln
483 3927 652 3982 consortium
664 3925 811 3981 activitatis
822 3926 1056 3982 suaeadsciscere.
1073 3926 1206 3999 Opposita

266 3999 359 4068 opinio
374 4016 477 4072 pagana
500 4010 551 4056 est.
569 3999 690 4069 Spiritus
704 4000 800 4065 creati,
818 4009 910 4069 utpute
924 4000 1120 4058 ittamateriales
1134 4014 1160 4058 ct
1171 4001 1205 4056 fi·
1267 4030 1271 4034 ‡
1327 4024 1329 4027 ’

267 4072 332 4155 uitae
351 4074 473 4139 virtutis,
489 4089 604 4144 corpora
632 4088 742 4128 movere
764 4083 920 4143 nequeant.
936 4075 1068 4144 Corpora,
1087 4091 1150 4131 curu
1173 4092 1206 4134 se
1245 4096 1246 4099 ¹
