2792 4600
179 372 242 436 438
678 391 778 437 runnu.

253 504 473 562 Communicatio
486 516 589 574 motus,
604 508 750 579 omnisque
765 508 879 564 mutatio
892 523 954 579 qnae
968 509 996 563 in
1010 523 1066 566 uno
1079 524 1195 580 corpore

253 578 396 635 inducitur
409 580 434 634 vi
449 580 564 636 alterius
577 583 713 650 corporis,
730 582 982 651 impenetrabilitati
994 583 1022 637 in
1036 582 1134 653 primis
1145 583 1194 639 de·

254 654 344 708 betur.
366 655 449 709 Pnor.
471 654 528 710 Vll.
548 659 588 709 Vis
610 660 691 709 omnis
704 672 824 721 corporea
838 661 935 709 nullum
948 672 1038 710 nouam
1051 661 1196 712 realitatem

246 731 398 792 producere,
411 735 505 794 polest,
522 734 567 783 sed
585 733 665 783 solum
685 732 904 794 praeeminentium
924 734 1126 784 substantiarum
1143 735 1194 784 im-

250 809 352 855 mature
364 810 470 856 natum.
482 803 542 858 Non
557 802 647 858 omnis
657 818 789 873 corporea
803 804 874 859 actio
888 804 1030 858 reducitur
1040 804 1074 859 ad
1089 814 1193 860 motum

252 874 311 929 sive
330 876 461 931 ciendum
475 877 532 932 sive
547 876 748 932 destruendum
763 875 791 930 in
805 876 892 934 altero
913 878 1193 951 corpore-syntbcses

251 958 280 1004 ct
291 949 418 1023 analyses
433 966 482 1021 per
495 960 599 1007 motum
612 949 833 1006 determinantur
836 991 1190 1008 .....
1202 946 1268 1008 ‘dab

173 1051 287 1102 CAPUT
299 1053 344 1104 Vl.
360 1055 400 1103 lin
414 1068 590 1112 qustmnruu
612 1068 812 1106 conronuanuu
831 1068 997 1108 austrannus
1014 1069 1052 1108 sn
1070 1032 1274 1117 amararum.

173 1133 244 1189 Ana.
258 1136 280 1191 l.
296 1140 421 1202 Quomodo
443 1140 580 1203 qotalitates
601 1141 734 1192 reudmles
748 1141 800 1192 sint
820 1141 848 1192 in
860 1139 1014 1203 corporibus.
1040 1136 1193 1207 Opiniones

253 1219 374 1265 veterum
402 1219 429 1266 ct
452 1211 647 1278 recentiorum.
673 1211 769 1268 Status
793 1211 956 1281 quaestionis
981 1210 1190 1267 determinatur.

251 1284 379 1353 Carpitur
392 1283 521 1340 Bufficris
533 1294 562 1341 et
574 1284 702 1340 Reidius.
717 1284 805 1340 Voces
817 1285 921 1355 quibus
933 1285 1080 1355 qualitates
1100 1286 1192 1341 sensi-

250 1357 322 1413 biles
344 1357 543 1429 significamus,
557 1373 614 1414 uon
634 1369 700 1414 sunt
721 1358 879 1429 aequivocae.
898 1357 971 1427 Quid
988 1358 1137 1414 dicendum
1157 1358 1193 1415 de

250 1431 302 1486 bac
315 1444 382 1487 voce
394 1448 401 1487 :
415 1436 494 1487 color.
509 1431 611 1488 Auctor
622 1431 794 1488 confusionis
813 1432 1045 1488 Malebrancbius.
1061 1433 1143 1486 Pnor.
1168 1434 1189 1488 l.

248 1508 342 1571 Nepari
359 1511 446 1572 nequiit
471 1510 608 1571 qualitates
629 1510 762 1561 sensibiles
786 1508 901 1561 absolute
917 1516 1078 1571 mediatore
1102 1511 1191 1560 sensili

247 1585 482 1646 representatione,
498 1596 550 1650 quo
563 1597 600 1633 ere
612 1585 683 1634 uobis
700 1586 863 1652 eebibeutur,
881 1585 1016 1634 dissimiles
1041 1596 1105 1634 esse.
1122 1580 1191 1635 Pro-

248 1652 330 1707 batur
340 1669 374 1708 ex
387 1654 431 1710 bis
444 1669 507 1725 quae
520 1653 633 1725 physica
643 1655 725 1711 docet
735 1654 770 1710 de
780 1663 878 1709 natura
890 1653 1055 1725 qualitatum
1068 1653 1190 1709 sensibi-

247 1725 326 1781 lium.
342 1727 424 1783 Pnor.
441 1731 473 1783 ll.
488 1733 534 1783 list
547 1730 688 1783 similitudo
703 1733 771 1783 inter
784 1733 921 1796 qualitates
933 1731 1065 1782 sensibiles
1077 1731 1190 1782 absolun

246 1808 386 1870 spectatas,
400 1811 425 1856 et
448 1806 608 1860 materialem
624 1807 812 1869 impressionem
824 1818 906 1869 quam
917 1806 945 1856 iu
957 1804 1059 1869 ardonis
1072 1809 1188 1858 caueam.

247 1874 385 1931 Probatur
393 1885 451 1931 tam
459 1876 681 1948 dequalitatibas
691 1892 754 1947 quae
763 1885 848 1949 agunt
859 1893 908 1947 per
914 1885 1018 1932 motum
1026 1874 1122 1940 medii,
1131 1884 1190 1930 tum

247 1947 283 2004 de
307 1949 343 2005 iis
369 1965 431 2020 quae
455 1961 542 2023 agunt
562 1967 611 2020 per
634 1961 800 2006 cannetum.
829 1950 912 2005 Pnor.
929 1949 976 2003 tlt.
990 1952 1189 2014 Repraseutatio

246 2026 349 2079 sensilis
362 2026 500 2092 conformis
513 2034 551 2079 est
574 2028 741 2091 qualitatibus
754 2027 915 2078 sensibilibus
940 2040 989 2076 nou
1009 2026 1131 2088 absolute,
1146 2026 1191 2075 sed

247 2099 354 2151 relatiua
366 2102 497 2164 spectatis,
509 2114 597 2163 mmpe
610 2107 639 2151 ut
658 2106 737 2163 odunt
751 2102 778 2151 in
791 2100 901 2161 subjecto
913 2100 1048 2150 sentiente.
1070 2095 1189 2151 Locltius

247 2170 360 2233 erravit,
373 2170 437 2241 quia
448 2186 596 2242 corporum
610 2172 684 2227 vires
696 2187 752 2228 non
765 2171 892 2227 attendit.
905 2168 1029 2240 Objectio
1041 2167 1124 2240 hujus
1137 2183 1188 2223 au·

248 2245 333 2300 ctoris
347 2243 509 2301 dissolvitur
574 2282 1187 2302 ........
1209 2241 1265 2298 297

170 2316 240 2374 Ana.
256 2318 291 2374 ll.
307 2323 432 2384 Qnmnodo
451 2336 581 2386 comarum
605 2324 741 2388 qualitates
753 2336 769 2372 a
781 2323 925 2373 substantio
937 2320 1079 2373 dimanant.
1095 2316 1189 2374 Status
1228 2380 1230 2385 ,

247 2393 410 2462 quaestionis
429 2394 602 2463 proponitur.
619 2395 702 2449 Pnor.
719 2393 762 2448 tv,
779 2396 922 2459 Qualitates
945 2408 1030 2446 omnes
1052 2407 1187 2458 corporee,

245 2470 300 2523 siue
312 2472 463 2527 necessariae
475 2471 528 2522 illm
540 2471 604 2533 sint,
617 2471 670 2521 siue
683 2470 830 2533 variabiles,
851 2471 882 2520 ab
896 2469 1084 2520 extensionem
1108 2469 1133 2518 ui
1145 2481 1189 2518 re·

246 2543 356 2595 sistendi
380 2545 523 2605 dimanant,
538 2545 578 2595 ael
600 2546 723 2606 absolute,
739 2546 778 2595 ael
796 2544 882 2606 posim
907 2543 1062 2594 conditione.
1078 2539 1189 2608 Triplex

247 2612 443 2675 dimanationis
456 2615 556 2670 nundus
569 2616 732 2685 explicatur,
742 2625 770 2669 et
783 2614 899 2687 singulae
913 2628 1059 2683 corporum
1073 2611 1189 2683 qualita-

247 2695 290 2743 tes
304 2688 363 2743 sive
376 2698 582 2757 permanentes,
595 2688 654 2744 sive
667 2688 815 2743 mutabiles
828 2688 861 2742 ad
873 2702 961 2759 uuum
971 2686 1092 2756 aliquem
1105 2701 1140 2741 cx
1152 2687 1189 2741 iis

246 2759 428 2816 reducuntur.
445 2752 526 2816 Pbor.
543 2762 575 2817 v.
592 2767 713 2817 detensis
734 2778 868 2828 corporum
891 2765 979 2826 prodit
996 2764 1028 2815 ab
1041 2764 1188 2814 ostensione

247 2849 277 2888 aa
288 2837 313 2890 oi
326 2837 464 2889 resistendi
476 2844 615 2889 atomorum
624 2853 673 2902 per
681 2837 860 2894 resultantium
919 2875 926 2889 .
1005 2873 1012 2886 ·
1092 2873 1100 2888 .
1178 2832 1260 2891 ebt

170 2908 239 2963 Ana.
255 2913 300 2964 ill.
317 2913 355 2962 lle
374 2913 540 2964 distinctione
562 2913 700 2964 annuentis
722 2913 835 2974 eomorei
853 2925 869 2962 a
887 2911 1043 2962 substantio.
1066 2904 1188 2973 Quaestio

166 2997 175 3016 ⁰
247 2983 411 3055 explicatur.
427 2983 509 3038 Paos.
521 2983 566 3038 vt.
581 2987 724 3049 Qualitotes
734 2993 760 3037 et
773 2986 917 3048 affectiones
929 2998 985 3048 quoe
998 2985 1029 3034 ab
1043 2984 1187 3035 essentiali-

219 3088 224 3097 ·
247 3061 293 3112 bus
314 3073 446 3122 comarum
461 3061 593 3112 attributis
606 3066 735 3124 utcunque
748 3061 891 3123 dimanant,
915 3062 1038 3109 nonsart
1055 3057 1188 3107 realitates
1240 3062 1244 3066 ’

246 3136 279 3185 ab
292 3135 382 3184 iisdem
390 3132 672 3188 distinotoe.Prabatur
681 3131 708 3186 l⁰
722 3146 757 3185 ex
766 3128 974 3185 difficultatibus
988 3127 1121 3183 doctrinae
1133 3125 1189 3181 lor·

247 3220 355 3259 marum
369 3204 594 3260 accidentalium·
607 3205 636 3259 2⁰
659 3220 693 3259 cx
716 3203 899 3264 accidentium
924 3200 1063 3257 communi
1077 3199 1189 3255 notione

247 3287 276 3333 et
301 3278 510 3334 desinitIonibus
532 3277 723 3334 aristotelicis·
744 3279 772 3332 5⁰
792 3293 826 3332 ex
853 3275 1012 3332 inductione
1037 3273 1187 3343 completa-

247 3351 392 3423 speciatim
406 3362 497 3407 motus
511 3351 692 3423 phaenomena
704 3351 887 3421 explicantur.
904 3351 986 3404 Pnor.
1001 3349 1058 3404 Vll.
1075 3353 1126 3403 Per
1135 3352 1189 3400 beo

246 3443 302 3494 quoe
315 3429 427 3479 dicimus
439 3441 489 3478 non
509 3428 626 3493 aufertur
648 3428 778 3479 distinctio
803 3429 872 3478 inter
893 3423 1061 3477 substantiam
1087 3425 1188 3488 eiusque

246 3505 331 3554 modos
353 3503 537 3565 continuantes,
555 3515 629 3565 qnam
651 3504 739 3553 dicunt
762 3503 856 3552 realem
879 3501 1011 3550 mundalem.
1027 3494 1187 3551 Substantia

247 3574 355 3629 babens
368 3582 475 3627 certum
485 3573 605 3643 aliquem
620 3572 744 3637 modam,
760 3573 808 3628 sed
823 3571 939 3642 cogitata
950 3569 1079 3633 sindilla,
1094 3569 1128 3623 ab
1139 3583 1187 3623 eo·

247 3648 310 3702 dem
332 3646 413 3701 modo
427 3647 517 3701 solum
531 3645 637 3701 ratione
650 3643 1002 3730 distinguitur-substantia
1015 3657 1070 3697 non
1081 3641 1187 3696 babens

246 3730 353 3776 certum
368 3721 488 3791 aliquem
503 3719 614 3774 madum
628 3720 663 3774 ab
678 3719 730 3774 boc
740 3734 801 3787 ipso
815 3716 997 3789 distinguitur
1010 3715 1188 3770 distinctione

247 3794 420 3864 iaadaequata
434 3803 463 3848 et
475 3795 613 3866 negativa,
637 3809 686 3848 scu
701 3792 768 3847 reali
789 3791 902 3846 modali.
918 3789 1089 3857 Quibusdam
1111 3789 1188 3860 objc-

247 3868 389 3924 ctionibas
402 3866 512 3921 satisfit.
528 3867 610 3921 Pnor.
622 3867 694 3921 vni.
718 3870 795 3920 Nullo
822 3881 917 3932 qnoque
930 3867 1030 3917 uidetur
1043 3878 1097 3916 esse
1109 3865 1188 3917 realis

246 3945 376 3998 distinctio
386 3945 458 3995 inter
470 3957 614 4007 samareum
626 3943 794 3994 substantiam
802 3943 904 4006 ejusque
917 3940 1062 3991 essentiales
1071 3939 1187 4002 proprie·

245 4023 323 4079 tates,
338 4018 510 4068 entertsioaem
533 4019 651 4068 uidelicet
660 4030 690 4066 ao
703 4017 840 4067 resistendi
852 4016 912 4066 uim.
927 4010 1008 4066 Nulla
1021 4011 1101 4075 ratio,
1123 4010 1186 4066 nul-

247 4087 361 4156 lamque
374 4087 507 4142 indicium
520 4088 591 4141 banc
605 4086 813 4143 distinctionem
827 4085 926 4141 suadet
1002 4125 1009 4139 .
1089 4124 1096 4140 .
1177 4085 1263 4140 ,504
