2792 4600
612 404 710 450 munx.
1140 388 1201 453 4⁰29

191 530 301 572 movere
328 527 475 588 nequeant,
492 518 737 575 nonaliamorere
757 531 883 590 possunt.
908 520 1126 579 communicatio

179 592 282 717 'mrtttnfis
293 606 346 646 nec
359 592 502 662 possibilis
512 603 565 661 est,
574 608 625 649 nec
637 592 746 665 concipi
759 603 861 664 potest.
874 595 998 671 Singulis
1010 598 1126 669 objectis
1146 669 1200 727 m

190 677 221 717 aa
234 679 258 718 ts
280 673 290 718 l
339 705 1124 727 ..........

115 750 187 809 aar.
196 753 253 809 vll.
268 759 388 809 bornum
400 761 484 822 porti.
495 756 566 824 Quid
581 757 618 812 sit
629 757 1127 817 linis-lutendemolirem-medium-

191 827 355 884 rerttedium.
370 830 448 885 Finis
460 841 567 886 amatur
580 841 692 902 propter
702 848 744 898 se,
759 833 881 887 medium
904 844 1015 904 propter
1037 836 1123 891 allud.

191 901 269 956 Finis
294 904 353 973 qui,
368 913 397 959 et
418 903 483 959 linis
495 904 621 959 cui-linis
644 906 692 976 qui
718 906 871 977 objections
884 917 911 962 et
924 907 1126 965 formalis-linis
1188 952 1190 956 .

192 973 355 1033 <alliciendos
368 987 396 1032 et
408 977 654 1033 obtinendus-linis
675 980 767 1050 operis
789 990 817 1036 et
830 979 894 1036 ucis
906 982 1126 1051 operantis-linis

191 1048 333 1119 proximus
347 1060 374 1106 et
388 1061 520 1107 remotus.
529 1052 559 1107 ln
573 1051 645 1108 serie
656 1053 992 1124 plurinmliniumdoplex
1002 1066 1128 1125 spectan-

89 1171 95 1178 ,
191 1122 244 1179 dus
257 1124 343 1179 ordo:
359 1124 520 1180 intentionis
530 1135 558 1181 et
570 1127 766 1182 exsecutionis.
777 1126 853 1183 Finis
864 1128 978 1184 ultimus
992 1128 1127 1199 simplici·

191 1204 243 1258 ter,
258 1206 287 1251 et
299 1199 452 1254 secundum
466 1199 543 1269 qnid.
560 1199 637 1254 Finis
647 1201 829 1257 secundarius
843 1210 870 1257 et
880 1202 1127 1273 principalis-linos

189 1270 342 1326 coordinati
354 1282 382 1327 et
391 1273 564 1328 subordinatl
594 1315 1033 1332 ......
1063 1273 1071 1284 “
1114 1279 1196 1334 ,lla

115 1360 184 1418 Ana.
199 1361 271 1417 vltt.
284 1367 455 1418 Tbeoremoto.
469 1365 550 1419 Paor.
568 1365 588 1418 l.
601 1368 671 1418 Finis
684 1374 722 1419 eat
735 1382 795 1419 nera
805 1382 834 1420 oo
840 1372 943 1432 proprie
953 1371 1022 1421 dioto
1035 1384 1121 1424 rouro.

178 1436 327 1492 Probatur
339 1453 373 1494 ex
386 1437 467 1493 modo
480 1438 579 1511 agendi
593 1438 665 1494 entis
679 1437 819 1494 intellectu
835 1441 953 1510 praediti.
970 1441 1065 1497 Solum
1080 1443 1127 1498 bo·

190 1525 257 1564 num
270 1525 361 1565 causae
383 1511 475 1566 lirtalis
489 1512 622 1567 rationem
643 1513 745 1567 babere
758 1523 858 1583 potest.
874 1513 1028 1571 Causalitas
1047 1515 1127 1571 tinis-

190 1586 275 1640 motio
286 1585 485 1640 intentionalis,
500 1585 646 1641 Distinetio
660 1586 733 1641 inter
745 1587 933 1642 causalitatem
947 1588 1011 1643 linis
1021 1598 1049 1644 et
1058 1605 1124 1644 eau-

129 1671 131 1674 ·
191 1659 326 1713 salitatem
349 1659 491 1714 moralem.
514 1658 567 1726 Qui
592 1669 670 1715 actus
690 1660 747 1714 sint
768 1675 860 1715 causae
885 1660 977 1716 linaiis
999 1661 1122 1718 ellectus.

189 1732 318 1787 Finiscst
324 1732 468 1802 primasio
476 1733 793 1800 irrtentione,nltinrosin
801 1735 986 1790 exsecutione.
995 1736 1078 1792 Prior.
1091 1738 1123 1792 ll.

191 1810 269 1861 omae
282 1822 358 1872 apenr
368 1815 473 1870 propter
482 1812 561 1871 finem
574 1816 703 1871 operatur.
719 1808 826 1878 Duplex
840 1808 938 1863 modus
950 1809 1050 1881 agendi
1060 1826 1126 1880 pro-

58 1924 61 1929 .
142 1945 144 1949 .
191 1885 252 1950 pter
274 1879 369 1934 linem.
385 1880 521 1935 Probatur
538 1895 617 1950 prop.
634 1882 662 1934 l⁰
683 1882 846 1936 exactionis
859 1892 964 1937 natura.
979 1883 1008 1937 2⁰
1021 1899 1055 1938 ex
1069 1884 1125 1938 sin·

189 1955 316 2025 gulanam
331 1968 477 2008 causarum
491 1963 598 2008 natura.
615 1954 696 2009 Pnor.
718 1955 763 2011 tlt.
788 1958 818 2008 lo
831 1959 898 2009 reric
909 1959 998 2021 parium
1012 1961 1127 2011 cerberei-

189 2036 305 2081 notorum
319 2044 369 2080 noo
383 2031 460 2080 detur
476 2043 607 2092 processus
617 2032 645 2081 in
658 2031 797 2093 infinitum.
813 2029 948 2084 Probatur
964 2040 1022 2085 tum
1035 2031 1126 2102 quoad

189 2100 1124 2171 ordinemintentionistumquoadordiuemexsecutionis.Pnor.lV.

191 2178 240 2240 Qut·
253 2180 306 2229 ruit
318 2180 393 2240 tinem
405 2179 468 2228 velle
478 2180 549 2229 debet
559 2183 584 2229 et
594 2180 685 2231 ineam.
700 2175 786 2231 Seeos
801 2192 852 2231 nee
864 2175 947 2232 tinem
958 2178 1040 2234 vellet
1116 2220 1123 2236 .
1149 2183 1199 2236 lli

115 2265 185 2323 Ano.
200 2266 246 2322 lx.
255 2270 292 2320 llo
304 2282 380 2325 rouro
393 2269 532 2331 materiali,
545 2268 649 2334 formati
660 2274 685 2319 et
697 2270 849 2332 ecemplort'.
864 2264 936 2335 Quid
950 2267 987 2324 sit
999 2268 1126 2324 materia·

192 2341 292 2412 triplex
304 2356 364 2396 earn
379 2341 514 2410 spectanti
537 2339 616 2395 ratio.
633 2340 794 2410 Subiectum
817 2342 1026 2398 sustentationis
1041 2353 1068 2398 et
1081 2345 1126 2398 iu·

191 2414 374 2470 iormationis.
387 2412 458 2482 Quid
469 2415 505 2469 sit
515 2413 811 2469 forma-substantialis
823 2414 1125 2490 ct'accidentalis-plry·

191 2487 791 2561 sica-metopomica-extrinseca-analogica.
811 2487 883 2555 Quid
906 2488 943 2543 sit
962 2491 1076 2559 produci
1090 2507 1125 2546 ex

191 2563 278 2618 nihilo
292 2563 386 2618 sni-ex
406 2562 492 2617 nihilo
506 2560 634 2632 subiecti.
650 2561 761 2616 blateria
773 2570 827 2616 est>
838 2562 970 2632 potentia,
982 2562 1069 2619 forma
1082 2576 1125 2620 est

190 2645 279 2692 actus.
295 2637 377 2692 Pnor.
401 2635 421 2691 l.
444 2639 687 2709 liuterinrotionem
701 2639 775 2688 babet
797 2652 862 2690 uero
882 2651 975 2691 muro.
991 2638 1040 2693 Est
1050 2638 1124 2692 enim

189 2725 273 2766 causa
286 2710 436 2765 intrinseca
450 2719 579 2779 respectu
598 2708 755 2777 compositi,
770 2718 802 2763 et
820 2709 975 2765 extrinseca
998 2722 1136 2781 respectu

191 2784 296 2839 lormae.
312 2784 393 2838 Pnon.
410 2783 454 2838 ll.
469 2788 559 2836 Formo
578 2786 683 2847 plusion
697 2786 837 2848 ubieunque
849 2799 906 2836 uere
919 2787 1001 2852 odeat,
1020 2790 1124 2850 proprio

190 2865 327 2913 moreest.
343 2857 393 2911 Est
408 2857 482 2911 enim
505 2871 588 2911 causa
602 2856 753 2911 intrinseca
766 2855 912 2926 compositi
924 2859 998 2927 quod
1021 2860 1125 2915 eonsti-

191 2932 254 2998 tuit,
275 2924 429 2986 extrinseca
443 2939 570 3000 respectu
594 2929 717 2985 materiae
730 2929 760 2983 in
773 2945 826 3000 qua
840 2930 980 3000 recipitur.
1002 2929 1074 2999 Quid
1088 2934 1125 2988 sit

190 3006 341 3075 exemplar.
357 3004 529 3074 Exemplarls
549 3004 610 3058 idea
634 3003 790 3058 necessaria
803 3013 846 3075 est
858 3005 1003 3077 agentibus
1017 3022 1066 3075 per
1080 3006 1124 3061 in·

191 3079 408 3136 tellectum-baec
432 3078 530 3133 merito
556 3078 628 3132 iuter
649 3091 748 3132 causas
773 3092 1000 3133 recensetur-eur
1017 3079 1124 3135 dicatur

190 3169 273 3210 causa
286 3152 410 3208 formalis
423 3152 586 3207 externa-ad
609 3166 722 3206 eausam
736 3149 899 3206 essiciontem
913 3153 1045 3208 moralem
1059 3169 1123 3224 pro-

191 3228 408 3299 prierevocator
423 3265 776 3280 .....
796 3257 798 3260 >
855 3265 862 3279 .
942 3267 949 3281 .
1028 3268 1034 3281 .
1115 3232 1198 3289 .lla

116 3321 184 3378 Aur.
199 3319 233 3375 ll.
248 3323 285 3372 lle
294 3319 432 3383 principiis
438 3319 546 3369 rationis
558 3319 705 3380 sufficientis
717 3322 743 3370 et
756 3317 927 3370 cumulatoria.
936 3317 1060 3374 Rationis
1073 3335 1123 3374 no·

190 3393 305 3462 tio-ejus
317 3391 466 3446 discrimen
480 3406 495 3445 a
511 3389 656 3460 principio.
678 3389 756 3444 Ratio
769 3389 909 3458 essentiae,
923 3391 1078 3448 existentiae
1096 3403 1124 3449 et

189 3467 335 3523 evidentiae
349 3465 377 3518 in
391 3465 492 3535 quibus
506 3463 651 3534 principiis
674 3463 834 3534 singillatim
859 3467 1021 3534 reperiatur.
1044 3467 1123 3522 Ratio

190 3540 331 3597 sufficiens
353 3547 381 3594 et
406 3537 577 3593 insufficiens
605 3536 763 3591 Enontiatio
782 3537 983 3608 principiorum
1006 3542 1121 3596 rationis

189 3613 353 3671 sufficientis
366 3621 393 3667 et
405 3612 583 3667 causalitatis.
600 3610 743 3683 Reguelini
757 3611 830 3666 circa
843 3627 875 3666 ea
885 3628 964 3671 error
1028 3655 1036 3671 .
1115 3655 1120 3669 .
1144 3617 1197 3672 tan

115 3707 182 3764 lar.
197 3704 233 3758 lll
259 3706 388 3757 asseritur
397 3706 551 3767 principium
564 3705 725 3755 rourolitotie
758 3701 839 3757 Pnor.
863 3703 1018 3769 Principium
1032 3722 1121 3760 couro-

187 3781 270 3832 litotis
282 3787 320 3832 eet
333 3780 486 3843 orrrlpticom
498 3783 523 3829 et
533 3780 644 3829 absolute
654 3783 759 3830 certum.
774 3776 908 3831 Probatur
921 3793 955 3832 ex
968 3780 1121 3836 existentiae
1178 3807 1183 3815 ·

187 3851 347 3922 incipientis
374 3851 485 3905 notione
500 3859 528 3905 et
544 3865 675 3904 exsensu
702 3850 852 3903 communi.
869 3850 976 3920 Utrum,
1000 3864 1047 3908 aut
1066 3870 1121 3925 quo

186 3942 271 3984 sensu
282 3940 364 3980 casus
377 3924 507 3979 fortuitus
520 3924 555 3978 sit
570 3922 712 3992 possibilis
769 3962 1118 3982 .....
1143 3931 1196 3986 155

29 3988 30 3991 ¹
114 4004 179 4060 Aur.
196 4000 252 4057 llll.
266 4003 442 4063 Diffiouttotee.
455 3997 625 4067 Principium
639 3996 820 4063 causalitate,
835 4013 897 4052 eum
912 4010 1049 4068 supponat
1062 4002 1121 4054 exi-

186 4075 314 4132 stentiam
327 4073 440 4136 realem,
456 4071 533 4126 valde
543 4072 692 4126 obscurum
707 4081 758 4125 est.
771 4070 832 4125 ldea
846 4072 1000 4147 existentiae
1015 4089 1068 4128 nou
1084 4076 1123 4129 in-
