2792 4600
199 304 243 369 86
665 319 837 369 ourotocu.

200 435 357 508 Quaedam
371 453 448 500 vero
460 453 527 500 non
540 436 738 498 intrinsecus
749 433 1075 512 afficeresubJeetum
1084 449 1145 496 nec
1156 431 1293 513 proprie

201 536 309 597 inesse
320 535 388 611 illi;
404 535 461 598 sed
482 536 590 616 potius
604 552 675 598 esse
692 536 780 597 circa
802 533 898 607 illud,
915 533 964 595 vel
980 532 1093 613 aliquo
1110 531 1176 611 adio
1190 530 1293 594 modo

198 633 241 693 ad
258 634 342 696 illud
359 636 561 697 extrinsecus
576 633 705 706 referri,
723 638 758 695 u't
774 634 865 695 locus
886 642 942 694 aut
958 632 1065 693 vestis.
1082 630 1167 695 ilinc
1188 631 1291 692 deno·

200 731 400 795 minationes
415 751 497 813 quas
514 753 552 795 ex
569 734 620 795 bis
638 733 822 813 subjectum
838 730 970 811 accipit,
988 731 1145 793 dicuntur
1158 728 1294 792 mnemi-

198 830 341 892 nutt‘otcee
354 833 542 894 extrinseco.

242 925 289 989 Ex
306 929 357 990 bis
372 930 551 992 concludes
566 929 745 991 accidentis
757 928 925 991 notionem
938 927 1112 990 univocam
1129 943 1194 988 non
1207 943 1291 997 esse,

199 1024 259 1087 sed
282 1028 470 1107 analogum:
501 1046 539 1089 ac
565 1029 674 1108 primo
700 1027 836 1106 quidem
860 1024 1036 1087 convenire
1065 1023 1295 1086 accidentibus

201 1128 359 1206 physicis,
376 1145 449 1208 quae
464 1144 539 1189 vere
561 1128 674 1188 insunt
698 1125 857 1205 subiecto,
875 1123 1070 1187 maundario
1085 1139 1161 1185 vero
1181 1139 1221 1185 ac
1235 1140 1296 1203 per

201 1225 450 1302 proportionem
468 1222 796 1286 denominationibus
811 1221 1016 1285 extrinsecis.

244 1319 324 1382 Nota
345 1323 455 1383 adhuc
468 1322 502 1383 5⁰
519 1324 669 1401 quadarn
685 1320 869 1382 accidentia
889 1319 994 1398 ipsam
1021 1317 1211 1380 immediate
1225 1316 1298 1379 affi-

200 1437 276 1480 cere
290 1420 519 1494 substantiam,
536 1430 572 1503 ut
587 1439 614 1481 v.
634 1438 684 1498 gr.
702 1418 876 1499 potentiae3
894 1418 1042 1497 quaedam
1064 1416 1129 1478 alia
1150 1415 1297 1479 mediate

198 1517 309 1578 solum
335 1517 556 1580 substantiam
567 1518 708 1593 afficere,
726 1519 915 1579 immediate
938 1516 1002 1577 alia
1016 1515 1211 1577 accidentia.
1238 1513 1298 1576 Sic

199 1636 230 1678 v.
247 1634 296 1696 gr.
313 1629 404 1679 actus
419 1618 608 1681 immediate
624 1616 815 1680 modificant
831 1615 1003 1696 potentias,
1020 1623 1052 1676 et
1074 1615 1126 1675 bis
1145 1614 1297 1676 median-
1379 1614 1380 1637 ¹

199 1715 290 1776 tibus
302 1716 532 1780 substantiam.
1380 1676 1381 1737 ¹

244 1815 316 1879 111.
341 1816 417 1878 lluae
433 1818 630 1898 questiones
649 1827 752 1880 aculae
768 1818 845 1878 satis
866 1825 898 1878 et
921 1815 1071 1894 impleam
1087 1825 1299 1895 superessent
1380 1894 1381 1901 ἵ

202 1915 266 1978 hoc
288 1917 360 1978 loeo
383 1917 557 1978 tractandae
575 1933 582 1978 :
601 1916 630 1976 l·
645 1918 686 1983 de
702 1915 915 1976 distinctione
931 1932 1003 1994 quae
1019 1914 1193 1976 intercedit
1208 1913 1298 1975 inter

200 2015 354 2074 accidens
377 2027 408 2075 et
423 2013 493 2093 ejus
509 2014 693 2091 subiectum
714 2030 722 2075 :
740 2013 770 2074 2⁸
785 2023 894 2074 utrum
910 2011 1059 2074 absolute
1084 2012 1127 2072 sit
1151 2011 1193 2074 de
1208 2012 1297 2072 acol-

199 2111 352 2172 dentium
364 2115 505 2172 essentia
518 2120 553 2174 ut
562 2111 745 2172 inhereant
756 2109 915 2190 subjecto.
929 2107 992 2170 Sed
1005 2119 1144 2189 utraque
1155 2110 1297 2188 quaestio
1381 2120 1382 2163 1

199 2228 269 2273 non
287 2221 391 2291 potest
407 2210 556 2273 hocloco
573 2226 633 2291 pro
647 2210 806 2287 dignitate
818 2208 949 2270 resolvi.
966 2208 1089 2270 Pendet
1104 2209 1193 2270 enim
1206 2210 1299 2270 solu-

200 2312 282 2371 tioa
301 2308 485 2388 perfectiori
502 2309 692 2387 ctrgnitione
711 2309 860 2388 ipsorum
872 2306 1091 2369 accidentium
1106 2306 1141 2369 in
1157 2307 1266 2388 specie
1286 2323 1295 2370 :
1382 2337 1383 2384 i

200 2410 327 2470 idcirco
340 2424 443 2488 quum
457 2408 496 2469 de
509 2407 648 2486 singulis
660 2416 785 2487 agetur,
799 2406 966 2486 duplicem
979 2407 1064 2468 banc
1077 2406 1297 2487 questionem

198 2507 355 2567 distincte
372 2503 602 2567 enodabimus.

243 2602 356 2676 Quoad
374 2604 530 2684 tetigitur
555 2605 665 2667 dicere
689 2604 725 2666 in
749 2605 900 2686 prasenti
926 2604 1076 2679 sufficiat,
1092 2604 1120 2666 si
1139 2603 1294 2668 accidens

199 2702 311 2763 latiori
324 2711 433 2778 ,sensu
453 2702 635 2781 accipiatur
652 2701 736 2777 (171,
761 2703 816 2780 1⁰),
833 2719 900 2765 non
923 2703 1106 2765 necessario
1133 2714 1233 2765 omne
1258 2701 1294 2763 id

199 2800 290 2879 quod
314 2800 373 2860 bac
394 2800 521 2861 ratione
544 2800 667 2861 dicitur
688 2800 851 2875 accidens,
876 2819 894 2862 a
915 2799 1095 2863 substantia
1118 2801 1292 2880 distingui.
1337 2792 1340 2797 ’
1381 2825 1383 2828 ·

200 2897 301 2959 Multa
317 2899 405 2959 enim
421 2897 602 2960 accidentia
623 2899 813 2977 hujusmodi
834 2908 911 2959 sunt
932 2898 1088 2959 duntaxat
1101 2897 1191 2960 modi
1208 2896 1294 2975 (118)

198 2997 252 3058 sui
272 2995 422 3075 subjecti,
438 3004 473 3058 ut
488 3007 564 3058 sunt
579 2997 770 3059 extrinsece
786 2996 1081 3072 denominationes,
1095 3007 1127 3058 et
1140 2996 1293 3077 quaedam

199 3094 322 3173 alia2de
337 3095 457 3173 quihus
474 3107 595 3173 postea.

241 3192 275 3257 Si
293 3210 367 3253 vero
380 3192 420 3253 ad
436 3193 588 3254 accidens
605 3195 778 3274 physicum
799 3193 936 3274 quaestio
951 3202 1146 3269 coarctetur,
1165 3194 1227 3256 boc
1243 3205 1294 3255 est

198 3293 288 3372 quod
304 3290 382 3352 alibi
398 3292 637 3371 inquirendum
654 3310 724 3353 esse
740 3294 896 3355 diximus.
1268 3359 1271 3366 ,

196 3393 220 3471 {2
243 3388 354 3459 Quoad
371 3388 411 3448 ⁹2⁰²
428 3388 614 3450 scholastici
636 3400 760 3450 veteres
775 3390 963 3451 dividebant
978 3389 1158 3452 accidentia
1174 3388 1208 3451 in
1223 3407 1293 3452 mo-

199 3487 331 3550 delicet
346 3486 503 3561 obsoletam
519 3487 709 3548 dividebant
723 3487 843 3567 pariter
859 3489 1073 3551 inhaesionem
1090 3490 1124 3550 in
1139 3489 1295 3551 actualem

198 3596 232 3649 et
247 3584 496 3666 aptitudinalem,
515 3584 654 3646 blodalia
670 3602 771 3664 porro
797 3586 928 3648 aiebant
942 3605 1010 3649 non
1034 3605 1128 3666 posse
1145 3605 1293 3667 unquam

198 3702 267 3747 non
285 3684 447 3745 inherere
461 3682 607 3760 subjecto
625 3682 808 3746 inbaesione
822 3685 939 3747 actuali
953 3702 962 3761 ;
978 3684 1128 3748 absoluta
1138 3703 1215 3749 vero
1231 3687 1292 3748 ba·

198 3783 278 3845 bere
300 3782 363 3843 sibi
381 3781 588 3870 essentialem
607 3782 823 3845 inhaesionem
851 3783 1112 3862 aptitudinalem,
1129 3793 1293 3864 quatenus

200 3893 233 3946 et
248 3901 287 3945 ea
302 3900 335 3944 se
362 3895 437 3962 apta
462 3881 593 3944 suntad
609 3880 815 3944 afficiendam
836 3881 1063 3958 substantiam,
1080 3891 1112 3946 et
1137 3885 1200 3947 boe
1221 3865 1293 3947 illis

199 3983 352 4047 convenit
366 3981 562 4063 pecundum
579 3982 749 4064 propriam
769 3992 937 4059 naturam,
965 3992 997 4046 at
1011 4000 1107 4063 posse
1132 4003 1190 4066 per
1204 3986 1293 4049 divi·
