2792 4600
203 316 243 380 lb
656 325 827 372 amomon.

202 456 332 531 oportet
349 456 385 509 ut
398 445 490 508 illam
503 443 643 526 reperiat
656 444 689 505 in
706 443 864 523 aliquare
880 440 1025 523 physica,
1040 438 1073 500 iu
1090 456 1154 520 qua
1172 438 1215 500 sit
1229 438 1292 499 ali·

203 565 270 628 quo
286 545 397 619 modo,
413 554 444 607 ct
459 542 626 625 physicam
643 542 861 604 actualitatem
875 539 1001 601 babeat.

248 645 350 724 Igitur
365 643 473 707 omnis
490 642 618 705 realitas
638 640 858 720 metaphysica
878 646 910 700 et
930 638 1100 711 abstracta,
1117 644 1292 717 antequam

206 742 425 806 actualitatem
446 741 585 821 logicam
602 741 634 801 in
651 738 819 801 intellectu
833 736 944 815 aliquo
960 735 1126 808 sortiatur,
1147 734 1293 814 aliquam

110 894 114 899 .
207 841 381 903 essentiam
409 840 542 914 realem,
574 848 727 918 tanquam
756 838 806 897 sui
834 834 1096 909 fundamentum,
1124 834 1294 914 supponit.

208 940 384 1003 Possibilia
396 947 503 1001 autem
516 937 734 1000 actualitatem
749 934 887 1013 logicam
900 942 1053 994 aternam
1067 934 1100 994 in
1113 932 1226 994 divino
1240 931 1295 991 ha·
1313 948 1317 953 ·

210 1040 288 1103 bant
304 1039 471 1103 intellectu
488 1036 562 1114 (70).
589 1033 674 1114 Ergo
693 1050 808 1094 eorum
838 1030 1090 1112 intelligibilitas
1116 1031 1157 1092 ab
1185 1030 1296 1110 aliqua

211 1138 344 1216 physica
360 1135 497 1198 essentia
527 1150 629 1214 eaque
655 1142 775 1193 aeterna
806 1128 957 1208 procedat
982 1147 1112 1191 necesse
1134 1138 1192 1191 est.
1209 1129 1297 1191 Talis

211 1248 318 1300 autem
335 1235 474 1298 essentia
490 1233 580 1295 nulla
595 1240 652 1304 est,
670 1241 787 1311 praeter
803 1229 960 1292 divinam.
977 1227 1074 1308 Ergo.

252 1336 286 1397 5⁰
308 1334 354 1398 Ex
368 1332 522 1395 absurdo
541 1331 574 1393 Si
591 1330 680 1393 enim
705 1328 914 1408 possibilium
931 1325 1181 1406 intelligibilitas
1196 1345 1214 1388 a
1229 1326 1296 1390 Deo

211 1446 296 1497 esset
307 1430 545 1511 independens
563 1427 694 1490 divinus
711 1426 906 1502 intellectus,
924 1443 1026 1506 quum
1046 1426 1103 1486 illa
1116 1426 1302 1505 cognoscit,

212 1532 434 1613 perficeretur,
451 1541 483 1591 et
511 1527 604 1609 quasi
627 1526 905 1606 complementum
928 1524 1126 1604 accipereta
1153 1524 1298 1587 realitate

210 1629 275 1692 sibi
291 1639 454 1701 extranea,
472 1623 683 1700 immutabili,
696 1633 815 1686 aeterna
827 1631 858 1684 et
869 1642 941 1703 quae
953 1622 1078 1702 abipso
1094 1622 1185 1685 nullo
1198 1623 1298 1685 modo

213 1729 392 1811 dependet;
423 1743 573 1807 quaeque,
595 1723 684 1805 quod
712 1724 813 1801 magis
833 1722 1033 1797 mirandum,
1055 1723 1180 1783 nullam
1203 1722 1299 1783 habet

214 1827 440 1890 actualitatem.
456 1824 532 1897 Qua
547 1823 682 1905 quidem
698 1824 809 1883 omnia
826 1822 920 1901 plane
935 1820 1058 1884 absona
1073 1830 1160 1884 sunt.

255 1926 307 1988 85.
331 1924 533 1987 Concludam
550 1921 783 2004 pulcherrimis
800 1921 889 1983 hisce
904 1920 1003 1984 Lessii
1016 1921 1135 1995 verbis,
1150 1940 1222 2002 qnae
1238 1920 1300 1982 hac

216 2026 256 2087 de
272 2042 307 2086 re
322 2022 564 2102 disputantibus
584 2038 712 2101 semper
730 2019 772 2083 ob
788 2021 899 2105 oeulos
915 2038 984 2082 esse
999 2019 1130 2083 debent.
1150 2043 1165 2078 a
1182 2018 1300 2084 Omnia

219 2148 233 2183 ι
258 2122 430 2204 possibilia
445 2121 655 2184 continentur
672 2119 708 2179 in
730 2119 859 2180 essentia
874 2117 993 2189 divina,
1009 2127 1163 2199 tanquam
1188 2119 1221 2181 iu
1236 2119 1301 2182 ori·
1386 2140 1387 2151 ¹

219 2245 233 2280 ι
255 2221 356 2304 pinati
370 2220 483 2294 radice,
500 2227 532 2280 et
553 2218 645 2310 quasi
668 2236 704 2277 tn
725 2218 894 2298 exemplari
908 2217 1036 2278 otrtuuli
1050 2226 1082 2280 et
1095 2219 1242 2295 rudicuii;
1266 2220 1302 2282 itt

218 2343 233 2379 ι
255 2319 419 2400 rapientia,
434 2326 587 2396 tanquam
601 2316 636 2377 in
653 2315 822 2395 exemplari
835 2312 997 2393 formulis
990 2334 1022 2376 m
1039 2335 1106 2396 quo
1121 2317 1217 2379 etiam
1234 2318 1302 2380 exi·

216 2442 232 2476 e
256 2426 345 2480 stunt
356 2416 515 2496 objectiva
532 2414 630 2478 modo
646 2414 881 2495 perfectissimo
897 2425 928 2476 et
943 2415 1183 2480 illustrissimo·
1176 2404 1302 2499 ‚magis

218 2540 232 2576 a
256 2516 344 2579 enim
362 2514 407 2576 ibi
424 2513 562 2593 fulgent
579 2530 678 2593 quam
694 2513 728 2574 iu
744 2515 810 2575 suis
823 2514 948 2575 naturis
959 2514 1092 2591 creatis;
1106 2515 1301 2597 inpotentia,

218 2640 233 2676 e
258 2625 411 2695 tanquam
427 2617 461 2674 iu
473 2631 568 2674 ceusu
581 2608 750 2691 effectriccit
767 2613 812 2688 (a).

256 2713 486 2778 Animadverte
503 2711 602 2791 igitur
620 2711 749 2771 diverso
765 2713 861 2792 plane
877 2712 975 2774 modo
992 2713 1165 2794 possibilia
1179 2732 1249 2778 esse
1265 2714 1300 2777 iu

210 2813 355 2884 ‚essentia
367 2811 477 2872 divina
492 2819 523 2873 et
535 2809 569 2871 in
583 2809 762 2872 intellectu.
781 2811 815 2872 ln
829 2811 969 2872 essentia
981 2829 1045 2873 nou
1059 2824 1134 2874 sunt
1146 2822 1301 2895 tanquam

215 2911 250 2973 in
271 2909 446 2989 exemplari
465 2907 614 2984 formali3
630 2925 724 2969 secus
742 2907 852 2969 divina
870 2909 1009 2970 essentia
1025 2927 1134 2972 rerum
1150 2915 1300 2976 omnium

214 3011 336 3073 formas
351 3008 385 3069 in
401 3027 434 3068 se
447 3024 522 3069 vare
538 3006 716 3086 praeterret,
730 3016 877 3087 essetque
890 3026 919 3068 v.
934 3025 979 3087 gr.
994 3026 1067 3071 vere
1080 3011 1213 3087 animal,
1226 3030 1301 3074 vere

214 3108 333 3182 arbor;
350 3105 384 3167 id
401 3105 488 3186 quod
521 3103 682 3168 horribile
698 3105 840 3184 cogitatu
863 3116 921 3181 est,
939 3117 969 3169 et
999 3106 1100 3171 Deum
1117 3121 1300 3175 monstrum

214 3206 302 3269 iacit.
319 3207 401 3268 Sunt
430 3219 508 3283 ergo
537 3201 709 3282 possibilia
725 3203 759 3263 in
786 3202 897 3264 divina
925 3205 1066 3267 essentia
1093 3216 1247 3290 tanquam
1265 3213 1300 3272 in

215 3303 390 3384 exemplari
404 3301 534 3364 virtuali
545 3309 577 3364 et
589 3301 741 3377 radicali;
755 3303 833 3382 quia
844 3302 955 3364 diviua
968 3305 1107 3368 essentia
1121 3307 1300 3389 simplicis·

214 3406 297 3466 sima
308 3412 340 3465 ct
355 3400 590 3483 perfectissima
606 3400 778 3462 imitabilis
790 3411 838 3461 est
850 3400 1002 3481 pluribus
1013 3404 1133 3481 modis,
1146 3407 1224 3470 licet
1238 3409 1302 3470 im·

192 3502 365 3599 ⁴perlectis
387 3510 419 3562 et
440 3500 481 3561 ab
510 3498 579 3579 ejus
609 3499 810 3579 perfectione
838 3508 907 3563 toto
934 3518 1053 3580 genere
1081 3504 1236 3584 diversis;
1265 3508 1301 3569 hi

213 3610 322 3664 autem
338 3600 458 3661 diversi
486 3597 680 3661 imitationis
703 3599 792 3661 modi
816 3601 971 3662 essentias
988 3602 1162 3681 possibiles
1177 3608 1301 3673 consti·¹

214 3710 320 3762 luunt.
336 3698 420 3760 Sunt
436 3714 513 3759 vero
528 3696 676 3759 essentiae
692 3697 761 3759 istae
777 3697 950 3778 possibiles
971 3708 1125 3780 tanquam
1141 3704 1175 3764 in
1191 3721 1301 3766 erem·

214 3798 295 3878 plari
310 3796 454 3888 formali,
475 3795 509 3857 in
526 3795 639 3858 divino
664 3797 772 3859 solum
795 3797 974 3873 intellectu,
991 3810 1152 3880 quatenus
1168 3802 1302 3864 divinus

213 3894 398 3957 intellectus
416 3894 561 3957 diversos
578 3893 656 3956 istos
672 3894 865 3958 imitationis
887 3896 1004 3960 modos
1018 3899 1202 3978 cognoscit;
1224 3917 1302 3963 nam

241 4010 273 4068 (l)
285 4010 318 4057 lle
329 4008 426 4068 perfect.
437 4007 706 4068 maritumaeque.
717 4011 743 4057 ll.
754 4022 775 4057 o.
786 4009 818 4058 11.
827 4012 847 4066 t.
859 4011 894 4059 to.
