2792 4600
189 367 257 429 ‘254
629 381 820 430 cosuotoen.

235 496 306 561 tol.
331 499 428 578 Resp.
444 494 521 577 Nep.
538 502 619 570 ortt,
634 495 723 575 juxta
740 481 776 559 ea
802 515 875 578 quae
890 514 987 577 supra
1003 497 1165 563 declarata
1190 511 1278 565 sunt.

233 593 282 657 Ad
307 594 345 658 l¹¹¹
367 592 508 667 Quaestio
530 595 598 656 haec
614 611 680 657 non
696 603 744 656 est
760 594 893 676 physica
909 595 965 657 sed
982 598 1215 679 metaphysica,
1232 609 1282 661 ta·

190 712 268 755 meri
285 711 431 757 connexa
443 711 517 755 cum
536 685 693 775 physica.¹

236 790 315 856 Dist.
341 791 462 873 pariter
482 800 542 853 rot.
567 791 640 853 aaa.
664 790 780 871 Agitur
798 789 839 853 de
855 791 1045 870 explicanda
1061 795 1199 857 essentia
1214 804 1283 859 ato-

191 906 335 962 morum,
354 889 448 951 itaut
465 906 529 952 non
552 889 739 951 destruatur
754 888 929 968 explicatio
955 891 1089 972 plrysiea
1106 891 1279 968 laetorum,

185 1004 289 1068 quam
306 986 429 1048 chimia
445 984 643 1067 suppeditat,
660 1001 767 1061 conc.;
792 1003 885 1047 secus
900 1004 988 1067 nepo.

231 1084 315 1166 Nepo
327 1084 404 1147 min.
419 1094 449 1147 et
460 1101 542 1147 conr.
553 1101 692 1164 quarum
703 1084 913 1161 negationum
926 1084 1009 1147 ratio
1023 1095 1109 1164 patet
1120 1104 1159 1148 ex
1170 1086 1280 1151 dictis.

230 1182 279 1246 Aa
295 1182 335 1245 Ψ
351 1183 430 1248 Dist.
447 1171 675 1262 Experimenta
690 1181 912 1254 solummodo,
925 1183 1048 1258 emittm
1062 1183 1197 1249 seientia
1209 1188 1283 1250 chi·

187 1280 264 1342 miae
285 1299 356 1362 quae
380 1280 431 1343 his
454 1280 687 1361 experimentis
712 1279 876 1355 innititur,
893 1299 982 1361 repo.
1008 1281 1052 1342 lie
1068 1281 1129 1344 hac
1144 1287 1281 1364 opposi-

187 1380 280 1442 tione
305 1382 390 1441 inter
415 1373 591 1442 chimicam
621 1379 791 1462 scientiam
818 1389 850 1442 et
877 1380 1125 1460 peripateticum
1141 1392 1281 1462 systema

186 1495 386 1560 quocunque
402 1478 501 1541 modo
518 1486 733 1559 proponatur,
751 1476 825 1538 ride
840 1479 993 1557 superius
1008 1477 1097 1541 dicta
1113 1482 1175 1558 (52.
1192 1501 1279 1565 seq.,

229 1671 277 1735 Aa
299 1675 340 1737 om
361 1671 436 1754 Nep.
462 1683 492 1734 et
512 1691 590 1753 nepo
609 1675 784 1753 paritatem.
808 1670 869 1743 Qui
893 1673 982 1735 enim
1004 1683 1131 1738 atomos
1147 1679 1282 1758 punctis

185 1782 338 1836 constare
346 1784 491 1847 censent,
505 1771 957 1835 theoriameombinationum
967 1779 998 1835 et
1009 1774 1201 1837 affinitatum
1211 1795 1281 1840 non

186 1877 355 1947 everturt;
374 1872 440 1932 imo
456 1869 607 1932 chimioae
632 1865 778 1932 scientia
803 1870 1033 1933 conclusiones
1054 1890 1169 1935 omnes
1195 1875 1281 1938 reei-

188 1969 297 2049 piunt.
321 1967 440 2048 Atqui
471 1967 681 2047 peripatetica
711 1968 830 2047 placita
856 1968 973 2041 sectari
997 1969 1077 2048 vult,
1101 1970 1280 2035 chimicam

187 2057 359 2130 scientiam
377 2068 559 2129 universam
576 2076 696 2129 evertat
711 2075 851 2147 oportet,
863 2076 897 2129 ut
908 2067 1280 2147 suprademonstratum

188 2176 251 2229 est.

233 2263 301 2327 toi.
316 2262 399 2345 Opp.
417 2262 458 2326 ΙΙ.
473 2263 580 2328 atomi
595 2265 730 2325 materia
741 2282 779 2326 ac
797 2261 901 2326 torma
911 2273 1062 2351 constent
1072 2282 1203 2333 neeesse
1214 2277 1277 2346 est,

187 2382 246 2426 seu
263 2362 407 2425 realitate
423 2381 461 2423 ex
483 2380 547 2443 qua
569 2361 646 2424 lluat
667 2362 825 2437 extensio,
849 2372 880 2423 et
902 2362 1047 2425 realitate
1070 2382 1142 2445 quae
1164 2365 1279 2429 sitris

187 2461 296 2540 origo.
309 2459 452 2534 Etenim,

232 2560 264 2620 1⁰
286 2558 439 2623 Extensio
455 2557 555 2620 atomi
572 2576 629 2619 scu
647 2558 788 2638 partium
802 2557 1030 2639 multiplicitas
1045 2576 1083 2622 ac
1093 2560 1191 2623 simul
1206 2562 1281 2643 aius

188 2658 298 2721 unitas
313 2656 468 2737 explicari
486 2665 665 2737 nequeunt,
683 2656 746 2717 nisi
764 2673 924 2736 ponamus
938 2657 970 2718 in
989 2659 1059 2738 ipsa
1067 2667 1176 2722 atomo
1184 2661 1280 2741 pria-

186 2757 315 2837 cipium
331 2757 480 2835 simplex,
498 2754 587 2836 quod
603 2754 742 2835 singulis
759 2754 945 2817 immixtum
961 2755 1110 2835 partibus
1125 2773 1218 2821 suam
1233 2759 1279 2823 iis

189 2855 424 2918 indivisionem
441 2853 618 2935 impertiat.
636 2872 639 2879 ’

232 2957 265 3017 2⁰
287 2953 430 3028 Materia,
454 2970 518 3033 qua
541 2950 626 3027 talis,
651 2960 699 3014 est
727 2968 856 3031 semper
878 2959 910 3013 et
931 2950 1056 3031 ubique
1077 2953 1215 3032 eadem;
1238 2975 1280 3020 ex

187 3072 294 3134 eaque
309 3052 454 3114 extensio
466 3050 536 3113 sola
550 3052 699 3131 emergit.
716 3049 750 3110 si
768 3049 867 3128 igitur
883 3051 1045 3112 molocula
1058 3052 1127 3115 sola
1143 3054 1281 3117 materia

186 3159 363 3224 constaret,
385 3150 483 3212 nulla
508 3158 617 3211 essent
629 3147 799 3211 moleculae
816 3149 1051 3227 heterogeneae,
1068 3165 1125 3211 seu
1142 3150 1280 3214 diversae

187 3262 313 3314 naturae
325 3260 355 3312 et
371 3248 584 3329 operationis.
601 3249 687 3329 Ergo
698 3247 789 3310 aliud
803 3246 1005 3327 principium
1019 3247 1189 3310 molaculaa
1197 3249 1281 3314 insit

188 3355 332 3430 oportet,
350 3366 388 3408 ex
405 3364 470 3428 quo
483 3346 539 3407 illa
555 3358 679 3408 naturae
694 3346 915 3409 diversitatem
931 3346 1098 3409 sortiatur.
1130 3404 1133 3408 Α

232 3447 264 3507 5⁰
279 3445 397 3526 Figura
414 3447 446 3505 in
460 3445 639 3524 quantitate
656 3446 811 3506 contiuua
824 3460 888 3524 qua
899 3453 1026 3506 atomus
1042 3445 1200 3509 instructa
1215 3455 1277 3524 est,

189 3564 257 3609 non
272 3554 377 3626 potest
389 3561 457 3605 esse
467 3542 529 3604 nisi
543 3542 737 3623 aprincipio
749 3541 892 3604 formali.
905 3541 1033 3603 Etenim
1046 3545 1192 3608 extensio
1204 3564 1278 3626 quae

189 3644 330 3729 pullulat
345 3661 363 3704 a
380 3642 545 3723 principio
562 3642 733 3717 materiali,
753 3659 810 3721 per
825 3660 859 3702 se
875 3639 1130 3704 indifferentiam
1143 3643 1224 3705 dicit
1236 3643 1278 3706 ad

190 3746 328 3825 figuram
345 3759 588 3822 quamcunque.

234 3843 305 3909 105.
330 3842 427 3921 Resp.
444 3838 520 3921 Nep.
537 3850 602 3903 oret.
621 3839 644 3901 i.
661 3857 690 3901 e.
708 3847 773 3900 tam
789 3837 822 3899 id
839 3837 927 3919 quod
942 3836 981 3900 de
996 3839 1095 3919 atomi
1111 3842 1278 3923 composi-

189 3942 281 4004 tione
292 3937 440 4012 affirmat,
455 3954 553 4017 quam
568 3937 599 3997 id
614 3934 1098 4018 quodsupponitdeidentitate
1112 3938 1197 4002 inter
1209 3958 1280 4004 ma-

189 4038 307 4102 teriam
323 4045 355 4100 et
370 4036 508 4100 formam
525 4052 561 4098 aa
576 4035 670 4097 binas
687 4035 761 4096 illas
776 4033 939 4097 realitates
954 4033 1028 4115 (89).
