2792 4600
460 325 546 370 trena
567 315 689 381 rniuus,
713 324 805 369 crrnr
827 325 860 369 rr.
1133 306 1204 368 uro

112 435 211 517 cipio.
235 436 268 501 Si
291 435 380 499 euim
410 438 548 501 mixtum
571 439 639 501 suis
661 439 831 501 elementis
853 446 902 502 est
923 438 1065 503 maxime
1094 441 1201 516 affine,

113 535 373 617 quotiescunque
395 538 504 618 ipsum
526 538 763 619 corrumpitur,
794 554 924 618 semper
952 538 1022 621 ejus
1046 541 1207 603 elementa

113 638 262 715 generari
275 638 432 700 deberent
446 661 457 713 ,·
474 637 563 718 quod
583 645 689 699 tamen
714 646 762 698 est
779 636 895 699 falsum
912 656 1012 713 ,·nam
1026 657 1087 718 pro
1099 640 1208 703 diver·

113 734 207 798 sitate
219 737 385 815 agentium
397 737 479 814 (haec
495 748 543 797 est
563 737 772 817 peripatetica
786 736 957 812 doctriua),
972 738 1108 801 diversae
1127 740 1207 801 sub·

5 875 7 890 t
101 834 241 918 vstantiae
254 853 291 897 ex
304 852 396 915 aquae
412 836 547 897 materia
562 835 713 915 generari
729 844 865 914 possunt
880 835 957 913 (58).

154 932 188 994 5⁰
210 933 401 1013 Negandum
430 933 497 995 sive
523 933 656 996 calorici
679 934 747 995 sive
766 932 912 996 electrici
938 933 1057 996 virtute
1083 952 1208 998 novum

114 1049 184 1093 esse
201 1030 338 1110 produci
354 1050 459 1112 posse.
476 1032 618 1112 Utraque
630 1032 718 1093 enim
731 1032 779 1092 ris
792 1048 857 1093 non
871 1031 937 1111 agit
949 1033 1012 1092 nisi
1031 1036 1206 1105 movendo,
1227 1052 1229 1056 ·

116 1129 268 1210 nihilque
283 1130 372 1192 aliud
389 1148 448 1210 per
464 1131 731 1209 seprodueitnisi
746 1141 884 1203 motum,
895 1139 930 1193 ut
942 1132 1069 1212 physici
1088 1132 1208 1194 unani·
1245 1126 1247 1129 ’

116 1246 185 1290 mes
201 1229 330 1291 docent.
348 1229 431 1292 Hine
445 1239 509 1290 tam
524 1231 813 1311 caloricumquam
829 1231 1018 1293 electricum
1029 1232 1221 1294 moloculas‘

117 1345 280 1408 separare,
305 1326 493 1401 transferre,
510 1330 641 1407 agitare,
660 1329 985 1410 substantiarumque
1001 1332 1118 1392 statum
1136 1350 1210 1393 mn-

116 1435 185 1488 tare
208 1436 357 1506 possunt,
374 1434 406 1487 at
427 1426 515 1506 quod
534 1436 607 1489 actu
630 1445 697 1489 non
722 1440 770 1489 est
793 1429 976 1507 producere
997 1431 1046 1491 vel
1070 1431 1212 1493 educere

117 1539 195 1588 sane
211 1543 277 1587 non
294 1534 441 1614 possunt.
458 1526 541 1588 Hinc
552 1527 671 1588 docent
686 1527 827 1607 physici,
844 1538 1018 1607 utramque
1035 1529 1099 1589 vim
1116 1548 1154 1590 ex
1170 1549 1212 1593 eo

117 1622 328 1688 solummodo
357 1624 532 1687 chimicam
562 1624 696 1705 gignere
716 1625 888 1705 analysim‚
916 1626 1005 1707 quod
1027 1645 1065 1688 ex
1092 1629 1213 1691 atomis

120 1741 218 1785 unam
233 1724 430 1786 moloculam
455 1725 733 1788 constituentibus
749 1742 847 1786 unam
865 1725 964 1786 altera
980 1726 1121 1787 ceterius
1137 1744 1210 1788 mo·

120 1840 204 1894 vere,
221 1833 318 1904 atque
336 1824 398 1887 hoc
414 1832 508 1905 paeto
520 1842 590 1885 eam
603 1824 644 1885 ab
659 1824 795 1885 alterins
807 1824 1000 1886 attractione
1017 1824 1213 1887 subtrahere

122 1931 259 2001 possunt
274 1939 281 1983 ε
300 1923 481 2001 synthesim
496 1941 573 1985 vero
588 1921 727 1997 efficere,
742 1939 780 1983 eo
795 1922 883 2000 quod
902 1933 1009 1984 motus
1026 1922 1084 1984 uni
1101 1930 1213 1984 atomo

121 2025 162 2082 ab
192 2020 273 2101 ipsis
302 2021 641 2096 communicatus,vel
672 2037 741 2083 eam
772 2020 813 2081 ab
843 2019 978 2081 alterius
1007 2021 1214 2083 attractionis

121 2122 249 2200 sphaera
264 2121 439 2197 subtrahit,
457 2123 504 2183 vel
524 2122 557 2182 in
574 2120 708 2182 alterius
725 2120 1111 2198 attractionissphaernm
1137 2138 1214 2201 pro

122 2219 226 2301 pellit.

162 2318 196 2381 Si
214 2320 323 2400 itaque
351 2320 413 2381 hoc
440 2328 534 2398 pacto
555 2337 623 2380 rem
646 2310 728 2379 odeo
751 2315 878 2387 facilem
909 2317 1112 2396 peripatetici
1132 2317 1211 2379 illu·

121 2426 235 2492 strant,
252 2419 333 2499 quid
350 2418 413 2480 erit
429 2419 469 2479 de
484 2416 730 2481 difficilioribus
744 2425 867 2478 naturae
881 2415 1008 2476 arcanis
1024 2416 1213 2478 existiman·

123 2518 224 2578 dum?

162 2614 265 2694 lgitur
280 2614 490 2693 peripatetica
504 2611 695 2692 hypothesis
712 2628 729 2672 a
744 2610 909 2673 veteribus
926 2611 1060 2692 quidem
1078 2612 1210 2674 schola·

121 2712 224 2787 sticis,
241 2713 362 2793 quibus
375 2720 498 2775 naturae
515 2712 600 2791 leges
613 2728 728 2791 parurn
744 2711 919 2790 exploratae
932 2720 1035 2784 erant,
1053 2710 1211 2790 nullaque

121 2812 241 2873 melior
255 2811 447 2890 suppetebat
461 2811 660 2890 hypothesis,
675 2826 741 2870 non
759 2808 901 2870 absurde
912 2801 1064 2881 adhiberi
1081 2809 1210 2887 potuit;

120 2918 170 2971 est
181 2928 198 2971 a
211 2909 447 2990 recentioribus
460 2909 517 2989 qui
531 2907 613 2970 lacta
625 2907 722 2986 longe
735 2909 829 2988 plura
842 2914 1055 2985 cognoscunt,
1070 2907 1210 2986 quibos-

121 3028 185 3090 que
202 3010 248 3093 ad
272 3008 353 3087 lacta
368 3007 561 3088 explicanda
583 3007 702 3068 melius
724 3005 851 3086 aliquid
874 3004 1003 3094 obtigit,
1028 3005 1212 3067 rectissime

121 3106 282 3188 rejicitur.

160 3206 213 3270 lb.
232 3205 329 3271 Proh.
346 3205 398 3270 lV.
416 3207 583 3269 Postremo
606 3202 732 3266 theoria
748 3202 927 3265 formarum
943 3202 1211 3265 substantialium

119 3323 187 3369 uon
201 3305 369 3386 probatur,
387 3303 539 3384 nullique
554 3302 672 3364 nititur
686 3301 793 3364 solido
810 3300 1036 3364 fundamento.

163 3405 200 3467 ln
217 3404 334 3484 primis
356 3404 451 3482 plura
467 3409 542 3463 sunt
564 3401 597 3462 in
622 3399 677 3462 illa
700 3400 870 3462 arbitraria
886 3417 1031 3479 prorsus,
1050 3398 1213 3476 nulloque

119 3503 169 3565 vel
186 3511 378 3581 argumento
400 3503 448 3563 vel
472 3500 865 3580 experimentoprohata.
890 3500 1023 3570 Revera,
1041 3498 1213 3578 quomodo

121 3600 263 3680 probare
293 3608 448 3679 poterunt
476 3597 659 3660 Aristotelis
686 3605 872 3670 sectatores,
900 3596 1069 3658 materiam
1099 3612 1212 3655 rerum

121 3700 272 3764 omnium
288 3697 518 3760 sublunarium
546 3713 643 3758 unam
674 3713 756 3769 esse,
780 3692 968 3774 omniaque,
989 3692 1139 3754 absolute
1160 3692 1212 3755 lo·
1301 3685 1308 3695 ’

120 3797 266 3878 quendo,
284 3813 379 3876 posse
395 3796 481 3857 inter
495 3813 530 3885 se
544 3794 769 3866 transmutari,
783 3810 899 3855 aurum
922 3810 951 3854 v.
969 3809 1018 3870 gr.
1036 3792 1070 3852 in
1089 3790 1214 3871 hydro·

122 3896 267 3975 genium,
281 3903 336 3956 aut
347 3893 488 3974 sulphur
501 3893 535 3954 in
548 3892 691 3956 ferrum?
704 3891 800 3971 Atqui
819 3893 881 3954 hoe
896 3898 944 3953 est
959 3890 1104 3971 primum
1121 3888 1213 3970 quod

123 3994 301 4074 postulant.

270 4089 481 4144 lusrurlrtottttS,
501 4087 559 4130 ltro.
581 4088 613 4128 11.
1036 4086 1063 4126 1⁰
