2792 4600
492 310 736 371 sinnaritanus
759 311 850 358 curor
873 314 895 359 1.
1182 296 1264 361 375-

155 423 373 505 quarumdam
395 425 627 489 conditionum
657 426 793 488 limitari
817 445 854 489 aa
880 427 1025 490 deliniri.
1048 428 1246 509 Huiusmodi

154 533 264 585 autem
280 522 489 585 conditiones
509 531 585 585 sunt
607 523 711 586 reales
733 541 911 605 corporum
933 526 1133 607 superficies.
1160 526 1248 589 lutra

153 621 229 683 talis
245 622 335 682 euim
349 620 540 701 superficies
557 638 622 683 nou
640 635 687 682 ast
712 622 852 702 amplius
868 623 1068 703 possibilitas
1084 623 1247 686 extensio·

155 720 209 783 nis
223 721 463 801 eujuseunque,
489 720 543 781 sed
569 720 771 800 possibilitas
797 730 923 784 tantum
939 724 1138 786 extensionis
1153 732 1247 787 eertae

155 819 326 897 cuiusdam
341 835 511 881 mensurae.
529 817 614 892 Quid
632 819 665 878 in
684 818 746 879 hoe
762 818 1009 881 contradictorii
1026 822 1093 883 est‘l
1106 821 1248 883 vanuum

155 920 189 981 in
206 937 241 982 se
256 919 343 980 nihil
358 926 418 994 ast,
435 916 493 980 sed
510 918 573 980 hoa
588 934 655 981 nou
669 917 818 997 impedit,
835 919 1014 999 quominus
1031 921 1093 982 hoe
1105 921 1250 985 nihilum

154 1017 319 1079 limitibus
335 1016 479 1079 realibus
494 1014 626 1078 definiri
642 1017 756 1096 possit.
768 1016 839 1079 lmo
851 1016 1102 1109 aliislimitibus
1118 1019 1248 1082 definiri

153 1115 282 1213 nequitd
300 1133 399 1195 quam
413 1115 574 1179 limitibus
589 1115 746 1178 realibus.
756 1115 1039 1188 Quemadmodum
1053 1118 1142 1179 enim
1155 1118 1249 1180 limes

156 1216 315 1277 realitatis
331 1223 379 1277 est
396 1214 524 1293 negatio
537 1214 705 1277 ulterioris
717 1214 941 1290 realitatis,ita
957 1216 1052 1277 limes
1068 1217 1250 1296 negationis

157 1323 206 1375 est
228 1313 357 1392 negatio
373 1312 542 1376 ulterioris
565 1314 750 1393 negationis
769 1330 777 1389 ;
794 1331 867 1394 quae
883 1315 1022 1377 ulterior
1042 1314 1171 1396 negatio
1187 1316 1249 1377 inr-

158 1412 267 1496 pediri
280 1413 406 1492 nequit,
424 1412 487 1473 uisi
505 1412 545 1474 ab
560 1413 671 1492 aliqua
685 1412 843 1475 realitate.

199 1513 233 1574 2⁰
248 1509 458 1589 impossihile
473 1528 539 1573 uon
556 1524 616 1586 est,
630 1511 697 1574 imo
710 1511 876 1572 evidenter
890 1510 1048 1591 possibile
1063 1523 1122 1589 est,
1140 1512 1251 1575 divina

158 1609 305 1690 potantia
320 1607 500 1670 annihilari
519 1609 649 1688 penitus
664 1619 696 1671 et
717 1626 838 1683 aeram,
862 1618 893 1670 et
908 1610 1075 1687 aetherem,
1093 1619 1125 1672 et
1139 1611 1252 1676 omnia

158 1727 230 1790 quae
246 1711 279 1769 iu
298 1710 357 1769 hae
372 1708 446 1769 aula
459 1710 676 1781 sunbernionis
688 1707 885 1789 corporibus
898 1709 932 1770 in
946 1708 1014 1770 suis
1031 1710 1113 1773 loeis
1130 1708 1249 1773 immo·

159 1806 273 1868 hiliter
288 1806 510 1869 manentibus.
527 1807 567 1869 ht
589 1808 616 1867 si
642 1807 710 1868 haee
726 1805 818 1868 fieret
832 1806 1031 1870 annihilatio
1058 1808 1144 1870 inter
1170 1808 1252 1871 aulae

160 1906 299 1986 parietes
326 1906 463 1967 haberes
491 1923 641 1967 vacuum.
668 1907 805 1979 Rursus,
829 1905 996 1969 evidenter
1026 1905 1184 1986 possibile
1205 1915 1253 1969 est

160 2005 264 2071 creari
281 2007 379 2068 aDeo
407 2004 485 2066 bina
511 2004 739 2068 tantummodo
769 2021 920 2086 corpora,
947 2021 1050 2084 eaque
1080 2006 1251 2084 sphaerica.

161 2102 223 2165 Fae
239 2105 350 2183 itaque
371 2123 406 2167 ea
437 2108 540 2167 creari
558 2122 566 2181 ;
583 2122 621 2166 ae
638 2122 725 2185 pone
746 2105 1048 2185 quomodocunque
1063 2104 1198 2184 placeat,
1216 2121 1254 2167 ea

160 2220 195 2264 se
210 2204 401 2282 contingere
415 2205 580 2267 velserus.
593 2204 626 2267 Si
638 2222 672 2266 se
687 2206 895 2284 contingunt,
908 2196 983 2265 o'um
999 2203 1033 2264 in
1046 2220 1113 2265 uno
1129 2210 1253 2266 tantum
1334 2245 1336 2248 ψ

162 2310 285 2382 puncto
307 2322 341 2365 se
357 2305 546 2383 contingere
560 2304 699 2385 possint,
714 2303 902 2366 necessario
918 2303 1002 2364 inter
1018 2302 1088 2364 baro
1102 2302 1168 2366 duo
1180 2318 1253 2366 eor·

162 2420 243 2482 pora
260 2402 436 2465 habebitur
456 2421 592 2466 vacuum
611 2423 620 2481 ;
639 2423 677 2468 ae
697 2405 803 2469 multo
825 2403 927 2486 magis
949 2402 1136 2479 habebitur,
1164 2402 1191 2465 si
1218 2422 1253 2468 se

162 2495 451 2581 noneontinguut.
1126 2546 1127 2550 ,
1159 2523 1161 2527 ’

203 2599 277 2662 575.
295 2598 476 2664 Pnorosmo
491 2600 575 2664 Vlll.
592 2600 650 2664 list
663 2619 797 2663 auruum
808 2601 931 2683 proprie
949 2600 1064 2661 dietum
1077 2599 1112 2661 iu
1126 2601 1252 2663 muodo.

204 2697 350 2778 Quisque
366 2699 469 2772 novit,
493 2699 526 2760 id
550 2699 638 2779 quod
663 2699 778 2779 vulgus
790 2716 926 2761 vanuum
942 2697 1096 2778 appellat,
1114 2715 1184 2760 esse
1198 2715 1252 2760 va·

166 2813 263 2857 cuum
290 2796 475 2877 improprie
491 2796 629 2858 dietum.
656 2797 801 2858 Vacuum
819 2797 895 2858 item
920 2794 1102 2874 improprie
1128 2795 1253 2858 dictum

166 2904 213 2957 est
235 2912 371 2956 vacuum
389 2895 475 2975 quod
491 2895 527 2957 iit
542 2896 575 2956 iu
593 2895 791 2969 barometro,
808 2905 863 2957 aut
879 2895 912 2955 iu
925 2910 1082 2974 campana
1097 2911 1254 2973 pneuma-

166 2993 238 3065 tiea‚
263 2993 414 3073 illudque
429 2992 518 3073 quod
536 2993 622 3054 inter
637 2993 790 3056 extimam
809 2994 1033 3070 atmosphaerae
1049 2991 1256 3071 superficiem

164 3099 195 3152 et
212 3089 320 3152 sidera
342 3090 540 3152 extenditur.
566 3089 646 3153 Nam
676 3090 780 3170 spatia
809 3089 877 3150 haee
898 3088 1009 3151 omnia
1025 3088 1145 3150 aethere
1159 3091 1256 3169 plena

165 3198 252 3252 suut.
264 3189 336 3253 Non
359 3196 408 3251 est
423 3190 533 3269 itaque
549 3189 583 3250 in
607 3207 721 3250 rerum
741 3197 856 3250 natura
881 3204 1018 3248 vanuum
1034 3186 1122 3265 quod
1140 3188 1254 3251 dieunt

166 3295 401 3351 coacervatum.
414 3287 477 3350 Sed
492 3288 532 3350 de
545 3289 717 3351 existentia
731 3287 823 3349 vanui
838 3285 1050 3368 quoddieunt
1061 3284 1254 3349 dissemina·

167 3396 235 3449 tum
252 3386 439 3448 nullatenus
455 3387 689 3467 ambigendum
710 3396 768 3450 est.

206 3487 327 3548 Verum
339 3484 474 3565 quidem
489 3495 549 3563 est;
565 3487 781 3549 interatomos
796 3474 1063 3564 ponderabil'ium
1080 3501 1256 3563 corporum

168 3583 322 3645 aetherem
338 3600 408 3644 esse
424 3583 581 3646 diffusum
599 3602 608 3658 ;
626 3585 680 3645 sed
706 3592 793 3645 certe
816 3583 900 3643 inter
915 3590 1041 3644 atomos
1055 3582 1187 3670 aetheris
1202 3601 1256 3645 va·

135 3759 137 3764 .
170 3700 267 3744 auum
285 3682 419 3760 aliquod
441 3682 484 3745 sit
500 3690 639 3763 oportet.
657 3679 737 3742 Nam
751 3698 817 3742 non
834 3682 941 3743 solum
956 3681 1057 3742 atomi
1074 3683 1254 3760 corporum

140 3850 147 3861 ,
168 3780 446 3861 ponderabilium,
464 3781 521 3842 sed
538 3782 634 3842 etiam
650 3781 782 3845 aetheris
798 3780 898 3841 atomi
914 3791 1003 3842 uerto
1020 3792 1202 3856 moventur,
1221 3795 1256 3845 ut

169 3891 256 3961 patet
282 3897 320 3940 ex
342 3881 572 3959 phoenomenis
594 3881 689 3953 lueis,
712 3879 842 3952 caloris,
870 3879 1254 3959 eleetrieitatis,1uague·

169 3980 270 4042 tismi.
301 3983 341 4042 ht
362 3989 468 4040 motus
493 3996 628 4041 vacuum
649 3978 821 4058 supponit.
853 3973 1024 4050 Quomodo
1041 3981 1128 4039 enim
1145 3993 1254 4060 posset
