2792 4600
430 376 514 420 aman
537 377 671 433 suarius,
695 378 786 422 carm
810 380 853 424 tn.
1118 366 1177 428 185

100 505 209 553 menni
224 468 277 566 li);
292 505 481 569 penesquos
493 488 640 552 auctores
658 485 799 553 inveniet
811 511 943 575 quoque
955 493 1177 577 objectionum

99 609 166 670 qua
180 587 285 650 afferri
301 597 434 668 possent
449 589 648 652 solutionem
662 590 804 670 plenam.

514 754 677 801 anniculos
700 757 747 803 ur.

375 852 415 913 De
429 863 495 914 cata
506 855 649 915 mutabili
662 863 691 915 et
704 855 900 917 immutabili.

133 969 203 1033 579.
217 967 376 1041 Quoniam
393 969 433 1030 de
454 979 577 1037 aterno
588 988 624 1031 ac
636 981 846 1050 temporaneo
859 970 941 1049 (568)
958 972 1032 1034 aliis
1046 973 1079 1034 in
1094 973 1175 1036 locis

27 1113 28 1120 .
96 1071 147 1131 liet
163 1085 281 1142 sermo,
304 1077 452 1148 superest
466 1086 554 1131 nunc
570 1077 604 1130 ut
620 1070 705 1131 entis
722 1070 888 1132 mutabilis
905 1081 935 1133 et
957 1071 1174 1133 immutabilis

94 1167 241 1230 notiones
256 1166 481 1247 explanantur.
499 1166 600 1238 Quem
615 1170 647 1229 in
662 1168 759 1230 tinem
775 1168 879 1249 ipsius
893 1159 1082 1233 mutationis
1095 1185 1174 1232 con·

93 1277 202 1348 ceptus
215 1268 323 1347 primo
336 1278 383 1330 est
398 1269 630 1331 enucleandos.
913 1267 916 1272 ’

132 1364 248 1426 Mutari
263 1383 319 1426 ens
336 1365 469 1439 dicitur,
484 1383 585 1445 quum
600 1366 694 1427 aliter
709 1384 743 1427 se
757 1367 876 1429 habere
890 1368 1006 1448 incipit
1018 1386 1055 1431 aa
1067 1377 1171 1431 antea.

92 1462 266 1541 Propterea
288 1467 423 1527 mutatio
445 1475 492 1525 est
510 1466 658 1526 transitus
671 1468 750 1536 antis
765 1466 802 1526 ab
823 1468 988 1527 anamodo
1003 1467 1176 1528 relabendi
1266 1522 1269 1526 .

80 1563 130 1623 ‘ad
144 1562 287 1622 alterum.
306 1561 381 1623 Tria
401 1561 500 1639 igitur
521 1574 596 1622 sunt
617 1563 809 1623 mutationis
830 1564 1004 1625 elementa:
1028 1565 1175 1626 termium

92 1677 192 1739 aquo,
209 1661 357 1721 luminas
372 1662 412 1719 ad
424 1677 521 1739 quem,
536 1669 565 1720 et
579 1661 750 1738 utriusque
764 1658 948 1739 subjectum:
964 1678 1036 1740 quae
1053 1669 1175 1725 veteres

94 1758 132 1841 iis
146 1758 313 1819 vocabulis
329 1757 557 1837 designabant:
577 1758 763 1836 priuatione,
778 1759 891 1833 farma,
912 1759 1055 1820 materia.
1072 1758 1175 1821 Ater·

93 1858 179 1917 mino
191 1866 301 1918 aulem
317 1857 462 1936 adquam
473 1858 609 1918 mutatio
625 1857 768 1934 speciem
779 1858 842 1917 reci
848 1857 907 1937 pit,
917 1856 994 1937 quia
1001 1858 1173 1937 peripsum

93 1955 226 2016 mutatio
242 1956 421 2016 absolvitur
433 1965 464 2015 et
476 1955 721 2017 determinatur.
740 1956 823 2018 ilinc
837 1956 878 2015 ab
904 1955 1021 2017 eodem
1035 1957 1175 2018 termino

94 2055 227 2115 mutatio
244 2056 486 2116 denominatur.
505 2055 559 2118 Sic
572 2054 714 2114 dicimus
730 2072 850 2134 corpus
867 2053 1020 2127 calefieri,
1043 2070 1176 2133 quuma

92 2151 209 2231 frigido
227 2152 264 2213 fit
282 2153 436 2227 calidum,
458 2159 489 2214 et
518 2152 693 2226 albescere,
713 2170 815 2231 quum
844 2151 910 2214 atio
927 2151 1043 2232 quovis
1065 2151 1176 2214 colore

86 2251 225 2330 abjecto,
243 2252 354 2315 album
372 2253 516 2315 colorem
534 2253 670 2316 inducit.
1131 2320 1135 2323 .

129 2350 226 2412 *580.
244 2350 454 2414 Mutationem
471 2369 603 2413 omnem
618 2363 718 2412 matus
744 2349 880 2412 nomine
894 2357 1016 2411 veteres
1032 2353 1176 2431 comple·

92 2449 273 2511 ciebantur.
291 2449 374 2511 Hinc
390 2448 483 2509 tacite
505 2448 668 2528 intelliges
689 2448 921 2509 aristotelicam
938 2456 1046 2509 motus
1061 2447 1176 2509 delini-

92 2549 212 2610 tionem
230 2567 325 2629 ;qnae
337 2548 476 2611 obscura
491 2548 627 2628 quidem
641 2558 699 2620 est,
718 2556 904 2609 nontamen
922 2536 1071 2620 ridicula,
1094 2565 1174 2626 qua·

93 2646 153 2708 lem
185 2647 339 2708 nonnulli
370 2646 595 2722 exstimarunt,
623 2657 653 2707 at
682 2646 760 2707 satis
792 2644 917 2708 leviter.
948 2643 987 2706 m
1016 2647 1176 2725 qnoniam

91 2745 240 2808 definitio
257 2747 324 2806 baec
339 2742 494 2806 omuibus
510 2757 575 2805 rata
599 2744 773 2818 veteribus,
796 2742 1061 2829 frequentissime
1076 2745 1117 2804 ab
1135 2746 1176 2804 iis

92 2853 303 2917 memoratur,
321 2846 425 2923 placet
437 2844 476 2904 de
489 2844 545 2902 illa
557 2841 680 2922 aliquid
698 2841 819 2902 dicere.

131 2941 294 3004 Definitur
308 2946 348 3003 ab
364 2941 535 3004 Aristotele
551 2950 675 3002 motus:
693 2938 868 3000 naturantis
887 2939 922 2999 ia
934 2941 1072 3019 patentia
1084 2949 1178 3019 prout

24 3030 25 3083 i
89 3044 123 3104 ia
146 3042 300 3123 patentia,
328 3042 467 3120 aliisque
494 3040 601 3101 verbis
631 3047 716 3099 actua
741 3038 860 3098 mabilia
884 3045 980 3118 prout
1000 3038 1107 3098 mobile
1128 3038 1175 3100 rel

90 3150 173 3203 actus
182 3140 336 3221 passibilis
349 3146 444 3218 prout
467 3137 616 3218 possibile.
632 3135 709 3207 Quae
731 3135 843 3197 omnia
868 3135 1024 3214 idemque
1046 3149 1174 3199 sonant.

89 3237 142 3301 Est
153 3251 264 3301 autem
290 3255 342 3298 aar
356 3237 390 3296 ia
403 3237 539 3316 potentia
552 3238 643 3315 prout
658 3236 692 3294 in
712 3234 850 3313 potantia
874 3233 1055 3310 subjectum
1073 3244 1175 3294 muta·

90 3338 201 3411 tionis,
225 3335 334 3417 prouti
362 3348 477 3414 potens
491 3343 539 3396 est
552 3334 689 3394 transire
704 3349 722 3392 a
738 3330 880 3392 termino
897 3349 915 3391 a
931 3348 997 3410 quo
1011 3332 1044 3391 in
1065 3332 1177 3392 termi-

91 3453 167 3497 num
180 3436 221 3496 ad
244 3451 359 3514 quem;
382 3441 414 3493 et
434 3443 518 3494 actus
540 3431 609 3510 ejus
631 3438 679 3491 est
702 3431 772 3509 ipse
787 3428 953 3491 transitus.
971 3427 1008 3490 ln
1031 3429 1177 3506 subjecto

88 3534 176 3596 enim
192 3532 385 3594 mutationis
398 3531 562 3609 duplicem
578 3528 755 3608 potentiam
786 3528 989 3607 distinguere
1014 3546 1096 3607 opus
1115 3536 1174 3602 est,

88 3632 368 3711 quemadmodum
383 3639 487 3691 actum
502 3629 679 3708 duplicem.
690 3629 954 3706 Actnsinquam,
972 3627 1018 3688 rei
1036 3628 1176 3690 mutabi-

88 3730 127 3792 lis
146 3733 270 3810 duplex
291 3739 339 3791 est
360 3730 485 3789 ratione
503 3728 635 3789 termini
659 3727 698 3787 ad
720 3743 836 3805 quem;
853 3726 937 3787 alius
951 3728 984 3785 ia
1000 3725 1079 3806 ficri,
1097 3745 1177 3805 qna·

88 3841 181 3891 tenus
205 3826 321 3900 torma,
344 3836 480 3906 quaeest
498 3828 655 3888 terminus
671 3826 710 3884 ad
727 3842 836 3904 quem,
856 3822 979 3884 invadit
995 3831 1026 3884 et
1041 3834 1178 3904 occupat

87 3928 283 4007 subjectum,
301 3926 384 3987 alius
400 3926 435 3986 ia
446 3924 527 4004 [acta
540 3924 748 4005 perlectoque
763 3941 831 3996 esse,
846 3932 1005 4003 quatenus
1023 3922 1125 3983 torma
1143 3924 1177 3984 in

114 4075 144 4129 tlt
164 4075 256 4120 anseri
276 4072 389 4119 xxxin.
402 4073 456 4129 ma.
469 4042 538 4128 ruys.
