<?xml version="1.0" encoding="UTF-8"?>
<!DOCTYPE html PUBLIC "-//W3C//DTD XHTML 1.0 Transitional//EN"
    "http://www.w3.org/TR/xhtml1/DTD/xhtml1-transitional.dtd">
<html xmlns="http://www.w3.org/1999/xhtml" xml:lang="en" lang="en">
 <head>
  <title>
</title>
<meta http-equiv="Content-Type" content="text/html;charset=utf-8" />
  <meta name='ocr-system' content='tesseract 3.04.00' />
  <meta name='ocr-capabilities' content='ocr_page ocr_carea ocr_par ocr_line ocrx_word'/>
</head>
<body>
  <div class='ocr_page' id='page_1' title='image "./institutionesph01tonggoog_0068.png"; bbox 0 0 2792 4600; ppageno 0'>
   <div class='ocr_carea' id='block_1_1' title="bbox 195 280 828 343">
    <p class='ocr_par' dir='ltr' id='par_1_1' title="bbox 195 280 828 343">
     <span class='ocr_line' id='line_1_1' title="bbox 195 280 828 343; baseline 0 0"><span class='ocrx_word' id='word_1_1' title='bbox 195 280 242 343; x_wconf 73' lang='lat'>62</span> <span class='ocrx_word' id='word_1_2' title='bbox 653 294 828 343; x_wconf 82' lang='lat' dir='ltr'>onnonoon.</span> 
     </span>
    </p>
   </div>
   <div class='ocr_carea' id='block_1_2' title="bbox 200 412 1298 889">
    <p class='ocr_par' dir='ltr' id='par_1_2' title="bbox 200 412 1298 889">
     <span class='ocr_line' id='line_1_2' title="bbox 244 412 1294 494; baseline -0.005 -17"><span class='ocrx_word' id='word_1_3' title='bbox 244 415 315 480; x_wconf 70' lang='lat' dir='ltr'>lid.</span> <span class='ocrx_word' id='word_1_4' title='bbox 333 413 493 479; x_wconf 86' lang='lat' dir='ltr'>Delinitur</span> <span class='ocrx_word' id='word_1_5' title='bbox 509 430 642 494; x_wconf 83' lang='lat' dir='ltr'>quoque</span> <span class='ocrx_word' id='word_1_6' title='bbox 658 412 843 477; x_wconf 80' lang='lat' dir='ltr'>bonumtid</span> <span class='ocrx_word' id='word_1_7' title='bbox 857 413 938 494; x_wconf 79' lang='lat' dir='ltr'>quod</span> <span class='ocrx_word' id='word_1_8' title='bbox 950 412 1056 474; x_wconf 80' lang='lat' dir='ltr'>omnia</span> <span class='ocrx_word' id='word_1_9' title='bbox 1071 418 1221 494; x_wconf 79' lang='lat' dir='ltr'>oppetunt</span> <span class='ocrx_word' id='word_1_10' title='bbox 1237 412 1294 490; x_wconf 73' lang='lat' dir='ltr'>(t),-</span> 
     </span>
     <span class='ocr_line' id='line_1_3' title="bbox 200 511 1296 593; baseline -0.005 -16"><span class='ocrx_word' id='word_1_11' title='bbox 200 511 328 577; x_wconf 90' lang='lat' dir='ltr'>bonum</span> <span class='ocrx_word' id='word_1_12' title='bbox 345 512 434 575; x_wconf 91' lang='lat' dir='ltr'>enim</span> <span class='ocrx_word' id='word_1_13' title='bbox 447 520 495 576; x_wconf 88' lang='lat' dir='ltr'>est</span> <span class='ocrx_word' id='word_1_14' title='bbox 510 511 673 593; x_wconf 86' lang='lat' dir='ltr'>appetitus</span> <span class='ocrx_word' id='word_1_15' title='bbox 695 511 860 590; x_wconf 76' lang='lat' dir='ltr'>obiectum</span> <span class='ocrx_word' id='word_1_16' title='bbox 878 528 886 575; x_wconf 91' lang='lat'>:</span> <span class='ocrx_word' id='word_1_17' title='bbox 905 530 943 574; x_wconf 80' lang='lat' dir='ltr'>ex</span> <span class='ocrx_word' id='word_1_18' title='bbox 962 528 1029 592; x_wconf 91' lang='lat' dir='ltr'>quo</span> <span class='ocrx_word' id='word_1_19' title='bbox 1044 511 1207 593; x_wconf 89' lang='lat' dir='ltr'>appetitus</span> <span class='ocrx_word' id='word_1_20' title='bbox 1222 527 1296 573; x_wconf 91' lang='lat' dir='ltr'>om·</span> 
     </span>
     <span class='ocr_line' id='line_1_4' title="bbox 200 603 1298 685; baseline -0.005 -11"><span class='ocrx_word' id='word_1_21' title='bbox 200 610 255 674; x_wconf 88' lang='lat' dir='ltr'>nis</span> <span class='ocrx_word' id='word_1_22' title='bbox 286 603 326 672; x_wconf 88' lang='lat' dir='ltr'>ad</span> <span class='ocrx_word' id='word_1_23' title='bbox 352 611 478 675; x_wconf 92' lang='lat' dir='ltr'>bonum</span> <span class='ocrx_word' id='word_1_24' title='bbox 503 609 617 674; x_wconf 88' lang='lat' dir='ltr'>fertur.</span> <span class='ocrx_word' id='word_1_25' title='bbox 646 611 767 673; x_wconf 86' lang='lat' dir='ltr'>Verum</span> <span class='ocrx_word' id='word_1_26' title='bbox 795 608 946 673; x_wconf 87' lang='lat' dir='ltr'>definitio</span> <span class='ocrx_word' id='word_1_27' title='bbox 976 610 1062 685; x_wconf 87' lang='lat' dir='ltr'>haec,</span> <span class='ocrx_word' id='word_1_28' title='bbox 1093 608 1141 672; x_wconf 93' lang='lat' dir='ltr'>uti</span> <span class='ocrx_word' id='word_1_29' title='bbox 1172 608 1298 672; x_wconf 88' lang='lat' dir='ltr'>notavit</span> 
     </span>
     <span class='ocr_line' id='line_1_5' title="bbox 200 706 1297 790; baseline -0.001 -20"><span class='ocrx_word' id='word_1_30' title='bbox 200 706 236 772; x_wconf 87' lang='lat' dir='ltr'>S.</span> <span class='ocrx_word' id='word_1_31' title='bbox 253 707 396 772; x_wconf 83' lang='lat' dir='ltr'><strong>Thomas</strong></span> <span class='ocrx_word' id='word_1_32' title='bbox 411 712 462 789; x_wconf 78' lang='lat' dir='ltr'>(a),</span> <span class='ocrx_word' id='word_1_33' title='bbox 479 727 497 771; x_wconf 92' lang='lat' dir='ltr'>a</span> <span class='ocrx_word' id='word_1_34' title='bbox 521 709 695 790; x_wconf 83' lang='lat' dir='ltr'>posteriori</span> <span class='ocrx_word' id='word_1_35' title='bbox 718 709 879 785; x_wconf 85' lang='lat' dir='ltr'>sumitur;</span> <span class='ocrx_word' id='word_1_36' title='bbox 896 707 980 770; x_wconf 89' lang='lat' dir='ltr'>ratio</span> <span class='ocrx_word' id='word_1_37' title='bbox 992 708 1081 770; x_wconf 92' lang='lat' dir='ltr'>enim</span> <span class='ocrx_word' id='word_1_38' title='bbox 1104 707 1297 789; x_wconf 86' lang='lat' dir='ltr'>appetibilis</span> 
     </span>
     <span class='ocr_line' id='line_1_6' title="bbox 200 806 1298 889; baseline -0.003 -19"><span class='ocrx_word' id='word_1_39' title='bbox 200 817 332 870; x_wconf 87' lang='lat' dir='ltr'>nonest</span> <span class='ocrx_word' id='word_1_40' title='bbox 348 808 484 889; x_wconf 84' lang='lat' dir='ltr'>proprie</span> <span class='ocrx_word' id='word_1_41' title='bbox 501 807 535 869; x_wconf 92' lang='lat' dir='ltr'>id</span> <span class='ocrx_word' id='word_1_42' title='bbox 551 808 639 889; x_wconf 88' lang='lat' dir='ltr'>quod</span> <span class='ocrx_word' id='word_1_43' title='bbox 654 808 835 881; x_wconf 84' lang='lat' dir='ltr'>bonitatem</span> <span class='ocrx_word' id='word_1_44' title='bbox 848 807 1031 884; x_wconf 89' lang='lat' dir='ltr'>constituit,</span> <span class='ocrx_word' id='word_1_45' title='bbox 1049 806 1106 869; x_wconf 89' lang='lat' dir='ltr'>sed</span> <span class='ocrx_word' id='word_1_46' title='bbox 1122 815 1169 868; x_wconf 89' lang='grc' dir='ltr'>εει</span> <span class='ocrx_word' id='word_1_47' title='bbox 1185 806 1298 887; x_wconf 86' lang='lat' dir='ltr'>potius</span> 
     </span>
    </p>
   </div>
   <div class='ocr_carea' id='block_1_3' title="bbox 200 905 1391 989">
    <p class='ocr_par' dir='ltr' id='par_1_3' title="bbox 200 905 1391 989">
     <span class='ocr_line' id='line_1_7' title="bbox 200 905 1391 989; baseline 0.001 -21"><span class='ocrx_word' id='word_1_48' title='bbox 200 905 331 987; x_wconf 86' lang='lat' dir='ltr'>aliquid</span> <span class='ocrx_word' id='word_1_49' title='bbox 359 907 443 971; x_wconf 90' lang='lat' dir='ltr'>illud</span> <span class='ocrx_word' id='word_1_50' title='bbox 472 924 677 989; x_wconf 85' lang='lat' dir='ltr'>consequens</span> <span class='ocrx_word' id='word_1_51' title='bbox 691 909 742 971; x_wconf 89' lang='lat' dir='ltr'>vel</span> <span class='ocrx_word' id='word_1_52' title='bbox 771 907 1010 971; x_wconf 80' lang='lat' dir='ltr'>concomitans.</span> <span class='ocrx_word' id='word_1_53' title='bbox 1027 905 1099 970; x_wconf 90' lang='lat' dir='ltr'>Non</span> <span class='ocrx_word' id='word_1_54' title='bbox 1115 905 1205 969; x_wconf 89' lang='lat' dir='ltr'>enim</span> <span class='ocrx_word' id='word_1_55' title='bbox 1220 905 1298 969; x_wconf 92' lang='lat' dir='ltr'>ideo</span> <span class='ocrx_word' id='word_1_56' title='bbox 1390 978 1391 981; x_wconf 8' lang='grc' dir='ltr'><strong>Ἴ</strong></span> 
     </span>
    </p>
   </div>
   <div class='ocr_carea' id='block_1_4' title="bbox 200 1005 1300 1873">
    <p class='ocr_par' dir='ltr' id='par_1_4' title="bbox 200 1005 1299 1285">
     <span class='ocr_line' id='line_1_8' title="bbox 200 1005 1299 1089; baseline 0.001 -23"><span class='ocrx_word' id='word_1_57' title='bbox 200 1005 332 1086; x_wconf 89' lang='lat' dir='ltr'>aliquid</span> <span class='ocrx_word' id='word_1_58' title='bbox 348 1006 475 1071; x_wconf 91' lang='lat' dir='ltr'>bouum</span> <span class='ocrx_word' id='word_1_59' title='bbox 501 1016 549 1070; x_wconf 90' lang='grc' dir='ltr'>εει</span> <span class='ocrx_word' id='word_1_60' title='bbox 578 1007 656 1089; x_wconf 90' lang='lat' dir='ltr'>quia</span> <span class='ocrx_word' id='word_1_61' title='bbox 671 1006 862 1088; x_wconf 80' lang='lat' dir='ltr'>appetibile,</span> <span class='ocrx_word' id='word_1_62' title='bbox 883 1006 939 1069; x_wconf 88' lang='lat' dir='ltr'>sed</span> <span class='ocrx_word' id='word_1_63' title='bbox 957 1006 1032 1070; x_wconf 91' lang='lat' dir='ltr'>ideo</span> <span class='ocrx_word' id='word_1_64' title='bbox 1048 1005 1227 1088; x_wconf 81' lang='lat' dir='ltr'>appetibile</span> <span class='ocrx_word' id='word_1_65' title='bbox 1248 1012 1299 1067; x_wconf 90' lang='lat' dir='ltr'>est</span> 
     </span>
     <span class='ocr_line' id='line_1_9' title="bbox 201 1103 1297 1186; baseline 0 -20"><span class='ocrx_word' id='word_1_66' title='bbox 201 1104 282 1184; x_wconf 87' lang='lat' dir='ltr'>quia</span> <span class='ocrx_word' id='word_1_67' title='bbox 304 1105 430 1169; x_wconf 93' lang='lat' dir='ltr'>bouum</span> <span class='ocrx_word' id='word_1_68' title='bbox 446 1115 506 1170; x_wconf 91' lang='grc' dir='ltr'><strong>εει.</strong></span> <span class='ocrx_word' id='word_1_69' title='bbox 524 1105 657 1169; x_wconf 85' lang='lat' dir='ltr'>Bonitas</span> <span class='ocrx_word' id='word_1_70' title='bbox 673 1115 782 1170; x_wconf 85' lang='lat' dir='ltr'>autem</span> <span class='ocrx_word' id='word_1_71' title='bbox 798 1122 868 1168; x_wconf 90' lang='lat' dir='ltr'>rem</span> <span class='ocrx_word' id='word_1_72' title='bbox 886 1105 1101 1186; x_wconf 82' lang='lat' dir='ltr'>appetibilem</span> <span class='ocrx_word' id='word_1_73' title='bbox 1116 1103 1204 1180; x_wconf 81' lang='lat' dir='ltr'>facit,</span> <span class='ocrx_word' id='word_1_74' title='bbox 1218 1103 1297 1185; x_wconf 91' lang='lat' dir='ltr'>quia</span> 
     </span>
     <span class='ocr_line' id='line_1_10' title="bbox 201 1204 1258 1285; baseline -0.005 -19"><span class='ocrx_word' id='word_1_75' title='bbox 201 1211 253 1266; x_wconf 87' lang='lat' dir='ltr'>eet</span> <span class='ocrx_word' id='word_1_76' title='bbox 269 1204 652 1285; x_wconf 85' lang='lat' dir='ltr'>perlectioconveniens.</span> <span class='ocrx_word' id='word_1_77' title='bbox 1256 1257 1258 1261; x_wconf 87' lang='lat'>.</span> 
     </span>
    </p>

    <p class='ocr_par' dir='ltr' id='par_1_5' title="bbox 202 1300 1300 1873">
     <span class='ocr_line' id='line_1_11' title="bbox 247 1300 1298 1383; baseline -0.005 -17"><span class='ocrx_word' id='word_1_78' title='bbox 247 1302 293 1366; x_wconf 82' lang='lat' dir='ltr'>Ex</span> <span class='ocrx_word' id='word_1_79' title='bbox 309 1303 373 1365; x_wconf 90' lang='lat' dir='ltr'>boc</span> <span class='ocrx_word' id='word_1_80' title='bbox 385 1303 483 1365; x_wconf 89' lang='lat' dir='ltr'>etiam</span> <span class='ocrx_word' id='word_1_81' title='bbox 500 1303 709 1383; x_wconf 78' lang='lat' dir='ltr'>intelligitur,</span> <span class='ocrx_word' id='word_1_82' title='bbox 727 1321 793 1383; x_wconf 88' lang='lat' dir='ltr'>qne</span> <span class='ocrx_word' id='word_1_83' title='bbox 819 1321 918 1366; x_wconf 90' lang='lat' dir='ltr'>sensu</span> <span class='ocrx_word' id='word_1_84' title='bbox 933 1301 1089 1366; x_wconf 91' lang='lat' dir='ltr'>bonitatis</span> <span class='ocrx_word' id='word_1_85' title='bbox 1105 1300 1189 1365; x_wconf 89' lang='lat' dir='ltr'>ratio</span> <span class='ocrx_word' id='word_1_86' title='bbox 1204 1300 1298 1363; x_wconf 87' lang='lat' dir='ltr'>sitin</span> 
     </span>
     <span class='ocr_line' id='line_1_12' title="bbox 203 1399 1299 1482; baseline -0.001 -19"><span class='ocrx_word' id='word_1_87' title='bbox 203 1399 332 1463; x_wconf 90' lang='lat' dir='ltr'>ratione</span> <span class='ocrx_word' id='word_1_88' title='bbox 352 1400 428 1464; x_wconf 86' lang='lat' dir='ltr'>linis</span> <span class='ocrx_word' id='word_1_89' title='bbox 441 1400 682 1465; x_wconf 90' lang='lat' dir='ltr'>constituenda.</span> <span class='ocrx_word' id='word_1_90' title='bbox 700 1399 833 1463; x_wconf 84' lang='lat' dir='ltr'>Scilicet</span> <span class='ocrx_word' id='word_1_91' title='bbox 848 1400 965 1464; x_wconf 92' lang='lat' dir='ltr'>eodem</span> <span class='ocrx_word' id='word_1_92' title='bbox 980 1407 1156 1482; x_wconf 89' lang='lat' dir='ltr'>pactoque</span> <span class='ocrx_word' id='word_1_93' title='bbox 1171 1400 1299 1463; x_wconf 88' lang='lat' dir='ltr'>bonurn</span> 
     </span>
     <span class='ocr_line' id='line_1_13' title="bbox 202 1497 1300 1579; baseline 0.001 -20"><span class='ocrx_word' id='word_1_94' title='bbox 202 1497 386 1579; x_wconf 88' lang='lat' dir='ltr'>appetibile</span> <span class='ocrx_word' id='word_1_95' title='bbox 401 1510 460 1574; x_wconf 90' lang='lat' dir='ltr'>est,</span> <span class='ocrx_word' id='word_1_96' title='bbox 491 1498 654 1562; x_wconf 89' lang='lat' dir='ltr'>rationem</span> <span class='ocrx_word' id='word_1_97' title='bbox 670 1498 746 1560; x_wconf 87' lang='lat' dir='ltr'>linis</span> <span class='ocrx_word' id='word_1_98' title='bbox 766 1497 865 1561; x_wconf 88' lang='lat' dir='ltr'>babet</span> <span class='ocrx_word' id='word_1_99' title='bbox 879 1498 929 1560; x_wconf 82' lang='lat' dir='ltr'>vel</span> <span class='ocrx_word' id='word_1_100' title='bbox 946 1498 1067 1560; x_wconf 88' lang='lat' dir='ltr'>habere</span> <span class='ocrx_word' id='word_1_101' title='bbox 1082 1505 1199 1578; x_wconf 90' lang='lat' dir='ltr'>potest.</span> <span class='ocrx_word' id='word_1_102' title='bbox 1224 1498 1300 1579; x_wconf 88' lang='lat' dir='ltr'>lpea</span> 
     </span>
     <span class='ocr_line' id='line_1_14' title="bbox 203 1597 1300 1679; baseline 0.002 -21"><span class='ocrx_word' id='word_1_103' title='bbox 203 1597 308 1676; x_wconf 78' lang='lat' dir='ltr'>igitur</span> <span class='ocrx_word' id='word_1_104' title='bbox 321 1598 405 1661; x_wconf 89' lang='lat' dir='ltr'>ratio</span> <span class='ocrx_word' id='word_1_105' title='bbox 421 1598 497 1661; x_wconf 86' lang='lat' dir='ltr'>linis</span> <span class='ocrx_word' id='word_1_106' title='bbox 514 1615 581 1663; x_wconf 91' lang='lat' dir='ltr'>non</span> <span class='ocrx_word' id='word_1_107' title='bbox 611 1611 660 1661; x_wconf 90' lang='lat' dir='ltr'>est</span> <span class='ocrx_word' id='word_1_108' title='bbox 675 1598 708 1660; x_wconf 91' lang='lat' dir='ltr'>id</span> <span class='ocrx_word' id='word_1_109' title='bbox 732 1597 821 1679; x_wconf 88' lang='lat' dir='ltr'>quod</span> <span class='ocrx_word' id='word_1_110' title='bbox 837 1597 1016 1661; x_wconf 84' lang='lat' dir='ltr'>bonitatem</span> <span class='ocrx_word' id='word_1_111' title='bbox 1040 1597 1222 1675; x_wconf 89' lang='lat' dir='ltr'>constituit,</span> <span class='ocrx_word' id='word_1_112' title='bbox 1239 1597 1300 1661; x_wconf 86' lang='lat' dir='ltr'>sed</span> 
     </span>
     <span class='ocr_line' id='line_1_15' title="bbox 204 1693 1299 1777; baseline 0.002 -22"><span class='ocrx_word' id='word_1_113' title='bbox 204 1693 363 1758; x_wconf 90' lang='lat' dir='ltr'>bonitatis</span> <span class='ocrx_word' id='word_1_114' title='bbox 390 1698 552 1759; x_wconf 89' lang='lat' dir='ltr'>rationem</span> <span class='ocrx_word' id='word_1_115' title='bbox 583 1696 809 1776; x_wconf 90' lang='lat' dir='ltr'>consequitur.</span> <span class='ocrx_word' id='word_1_116' title='bbox 839 1696 972 1759; x_wconf 88' lang='lat' dir='ltr'>Bonitas</span> <span class='ocrx_word' id='word_1_117' title='bbox 989 1713 1064 1759; x_wconf 90' lang='lat' dir='ltr'>vero</span> <span class='ocrx_word' id='word_1_118' title='bbox 1080 1694 1190 1771; x_wconf 86' lang='lat' dir='ltr'>estid,</span> <span class='ocrx_word' id='word_1_119' title='bbox 1207 1695 1299 1777; x_wconf 91' lang='lat' dir='ltr'>quod</span> 
     </span>
     <span class='ocr_line' id='line_1_16' title="bbox 204 1791 1144 1873; baseline 0.002 -21"><span class='ocrx_word' id='word_1_120' title='bbox 204 1791 273 1854; x_wconf 84' lang='lat' dir='ltr'>vim</span> <span class='ocrx_word' id='word_1_121' title='bbox 288 1793 405 1856; x_wconf 86' lang='lat' dir='ltr'>tribuit</span> <span class='ocrx_word' id='word_1_122' title='bbox 420 1793 468 1855; x_wconf 89' lang='lat' dir='ltr'>rei</span> <span class='ocrx_word' id='word_1_123' title='bbox 482 1792 635 1856; x_wconf 87' lang='lat' dir='ltr'>movendi</span> <span class='ocrx_word' id='word_1_124' title='bbox 651 1793 690 1855; x_wconf 87' lang='lat' dir='ltr'>ad</span> <span class='ocrx_word' id='word_1_125' title='bbox 707 1793 870 1873; x_wconf 78' lang='lat' dir='ltr'>agendum</span> <span class='ocrx_word' id='word_1_126' title='bbox 887 1801 1039 1873; x_wconf 87' lang='lat' dir='ltr'>tanquam</span> <span class='ocrx_word' id='word_1_127' title='bbox 1057 1792 1144 1854; x_wconf 90' lang='lat' dir='ltr'>finis.</span> 
     </span>
    </p>
   </div>
   <div class='ocr_carea' id='block_1_5' title="bbox 183 1883 1391 1987">
    <p class='ocr_par' dir='ltr' id='par_1_6' title="bbox 183 1883 1391 1987">
     <span class='ocr_line' id='line_1_17' title="bbox 183 1883 1391 1987; baseline -0.001 -18"><span class='ocrx_word' id='word_1_128' title='bbox 183 1942 188 1952; x_wconf 90' lang='lat'>·</span> <span class='ocrx_word' id='word_1_129' title='bbox 248 1883 320 1971; x_wconf 74' lang='lat' dir='ltr'>tat.</span> <span class='ocrx_word' id='word_1_130' title='bbox 338 1906 466 1970; x_wconf 89' lang='lat' dir='ltr'>Bonum</span> <span class='ocrx_word' id='word_1_131' title='bbox 492 1906 595 1969; x_wconf 90' lang='lat' dir='ltr'>dividi</span> <span class='ocrx_word' id='word_1_132' title='bbox 612 1907 695 1970; x_wconf 87' lang='lat' dir='ltr'>solet</span> <span class='ocrx_word' id='word_1_133' title='bbox 713 1924 721 1971; x_wconf 90' lang='lat'><strong>:</strong></span> <span class='ocrx_word' id='word_1_134' title='bbox 740 1908 771 1970; x_wconf 85' lang='lat' dir='ltr'>l⁰</span> <span class='ocrx_word' id='word_1_135' title='bbox 787 1906 821 1968; x_wconf 94' lang='lat' dir='ltr'>in</span> <span class='ocrx_word' id='word_1_136' title='bbox 837 1924 942 1969; x_wconf 83' lang='lat' dir='ltr'>oerum</span> <span class='ocrx_word' id='word_1_137' title='bbox 953 1913 985 1968; x_wconf 91' lang='lat' dir='ltr'>et</span> <span class='ocrx_word' id='word_1_138' title='bbox 998 1884 1164 1987; x_wconf 41' lang='lat' dir='ltr'>appareas,</span> <span class='ocrx_word' id='word_1_139' title='bbox 1177 1906 1300 1968; x_wconf 88' lang='lat' dir='ltr'>Verum</span> <span class='ocrx_word' id='word_1_140' title='bbox 1390 1976 1391 1985; x_wconf 8' lang='grc' dir='ltr'>χ</span> 
     </span>
    </p>
   </div>
   <div class='ocr_carea' id='block_1_6' title="bbox 206 1998 1391 2085">
    <p class='ocr_par' dir='ltr' id='par_1_7' title="bbox 206 1998 1391 2085">
     <span class='ocr_line' id='line_1_18' title="bbox 206 1998 1391 2085; baseline -0.002 -19"><span class='ocrx_word' id='word_1_141' title='bbox 206 2004 358 2085; x_wconf 88' lang='lat' dir='ltr'>estquod</span> <span class='ocrx_word' id='word_1_142' title='bbox 376 2006 438 2068; x_wconf 87' lang='lat' dir='ltr'>tale</span> <span class='ocrx_word' id='word_1_143' title='bbox 454 2014 502 2067; x_wconf 91' lang='lat' dir='ltr'>est</span> <span class='ocrx_word' id='word_1_144' title='bbox 516 2004 703 2084; x_wconf 86' lang='lat' dir='ltr'>cujusmodi</span> <span class='ocrx_word' id='word_1_145' title='bbox 720 2003 1112 2083; x_wconf 80' lang='lat' dir='ltr'>existimatur;apparens</span> <span class='ocrx_word' id='word_1_146' title='bbox 1124 2001 1213 2083; x_wconf 89' lang='lat' dir='ltr'>quod</span> <span class='ocrx_word' id='word_1_147' title='bbox 1230 2020 1299 2066; x_wconf 92' lang='lat' dir='ltr'>non</span> <span class='ocrx_word' id='word_1_148' title='bbox 1390 1998 1391 2047; x_wconf 66' lang='lat' dir='ltr'>l</span> 
     </span>
    </p>
   </div>
   <div class='ocr_carea' id='block_1_7' title="bbox 203 2101 1389 2969">
    <p class='ocr_par' dir='ltr' id='par_1_8' title="bbox 203 2101 1389 2969">
     <span class='ocr_line' id='line_1_19' title="bbox 206 2101 1300 2182; baseline 0.001 -18"><span class='ocrx_word' id='word_1_149' title='bbox 206 2111 256 2164; x_wconf 87' lang='grc' dir='ltr'>εει</span> <span class='ocrx_word' id='word_1_150' title='bbox 268 2103 406 2179; x_wconf 90' lang='lat' dir='ltr'>bonnm,</span> <span class='ocrx_word' id='word_1_151' title='bbox 424 2104 501 2168; x_wconf 92' lang='lat' dir='ltr'>licet</span> <span class='ocrx_word' id='word_1_152' title='bbox 515 2103 731 2166; x_wconf 79' lang='lat' dir='ltr'>existimetur.</span> <span class='ocrx_word' id='word_1_153' title='bbox 749 2102 794 2165; x_wconf 88' lang='lat' dir='ltr'>De</span> <span class='ocrx_word' id='word_1_154' title='bbox 811 2101 874 2165; x_wconf 90' lang='lat' dir='ltr'>hoc</span> <span class='ocrx_word' id='word_1_155' title='bbox 886 2102 999 2164; x_wconf 91' lang='lat' dir='ltr'>eadem</span> <span class='ocrx_word' id='word_1_156' title='bbox 1017 2101 1155 2164; x_wconf 89' lang='lat' dir='ltr'>dicenda</span> <span class='ocrx_word' id='word_1_157' title='bbox 1167 2119 1241 2182; x_wconf 85' lang='lat' dir='ltr'>qnae</span> <span class='ocrx_word' id='word_1_158' title='bbox 1256 2102 1300 2165; x_wconf 86' lang='lat' dir='ltr'>de</span> 
     </span>
     <span class='ocr_line' id='line_1_20' title="bbox 205 2196 1299 2278; baseline 0.002 -18"><span class='ocrx_word' id='word_1_159' title='bbox 205 2198 346 2264; x_wconf 81' lang='lat' dir='ltr'>falsitate</span> <span class='ocrx_word' id='word_1_160' title='bbox 359 2216 467 2264; x_wconf 91' lang='lat' dir='ltr'>rerum</span> <span class='ocrx_word' id='word_1_161' title='bbox 484 2201 570 2263; x_wconf 86' lang='lat' dir='ltr'>dicta</span> <span class='ocrx_word' id='word_1_162' title='bbox 596 2208 672 2262; x_wconf 91' lang='lat' dir='ltr'>suut</span> <span class='ocrx_word' id='word_1_163' title='bbox 688 2197 772 2277; x_wconf 78' lang='lat' dir='ltr'>(tto,</span> <span class='ocrx_word' id='word_1_164' title='bbox 789 2202 885 2278; x_wconf 85' lang='lat' dir='ltr'>seq.).</span> <span class='ocrx_word' id='word_1_165' title='bbox 903 2196 1058 2271; x_wconf 81' lang='lat' dir='ltr'>Quaenam</span> <span class='ocrx_word' id='word_1_166' title='bbox 1083 2208 1190 2262; x_wconf 91' lang='lat' dir='ltr'>autem</span> <span class='ocrx_word' id='word_1_167' title='bbox 1210 2200 1299 2263; x_wconf 88' lang='lat' dir='ltr'>bona</span> 
     </span>
     <span class='ocr_line' id='line_1_21' title="bbox 204 2295 1300 2380; baseline 0.001 -21"><span class='ocrx_word' id='word_1_168' title='bbox 204 2317 281 2361; x_wconf 90' lang='lat' dir='ltr'>vera</span> <span class='ocrx_word' id='word_1_169' title='bbox 297 2299 363 2361; x_wconf 88' lang='lat' dir='ltr'>sint</span> <span class='ocrx_word' id='word_1_170' title='bbox 377 2301 427 2362; x_wconf 85' lang='lat' dir='ltr'>uel</span> <span class='ocrx_word' id='word_1_171' title='bbox 443 2300 534 2375; x_wconf 83' lang='lat' dir='ltr'>falsa,</span> <span class='ocrx_word' id='word_1_172' title='bbox 549 2299 581 2360; x_wconf 93' lang='lat' dir='ltr'>id</span> <span class='ocrx_word' id='word_1_173' title='bbox 598 2318 636 2361; x_wconf 86' lang='lat' dir='ltr'>ex</span> <span class='ocrx_word' id='word_1_174' title='bbox 652 2295 830 2380; x_wconf 89' lang='lat' dir='ltr'>principali</span> <span class='ocrx_word' id='word_1_175' title='bbox 846 2296 932 2359; x_wconf 85' lang='lat' dir='ltr'>entis</span> <span class='ocrx_word' id='word_1_176' title='bbox 944 2296 1103 2377; x_wconf 85' lang='lat' dir='ltr'>cujusque</span> <span class='ocrx_word' id='word_1_177' title='bbox 1114 2315 1152 2359; x_wconf 88' lang='lat' dir='ltr'>ac</span> <span class='ocrx_word' id='word_1_178' title='bbox 1164 2296 1300 2378; x_wconf 87' lang='lat' dir='ltr'>propria</span> 
     </span>
     <span class='ocr_line' id='line_1_22' title="bbox 203 2394 1300 2477; baseline 0.001 -20"><span class='ocrx_word' id='word_1_179' title='bbox 203 2395 372 2458; x_wconf 90' lang='lat' dir='ltr'>tendentia</span> <span class='ocrx_word' id='word_1_180' title='bbox 385 2395 602 2477; x_wconf 72' lang='lat' dir='ltr'>iudicandum</span> <span class='ocrx_word' id='word_1_181' title='bbox 620 2405 678 2458; x_wconf 88' lang='grc' dir='ltr'><strong>εει.</strong></span> <span class='ocrx_word' id='word_1_182' title='bbox 692 2394 847 2466; x_wconf 83' lang='lat' dir='ltr'>Quamvis</span> <span class='ocrx_word' id='word_1_183' title='bbox 863 2394 1000 2457; x_wconf 89' lang='lat' dir='ltr'>enimin</span> <span class='ocrx_word' id='word_1_184' title='bbox 1017 2405 1091 2458; x_wconf 90' lang='lat' dir='ltr'>ente</span> <span class='ocrx_word' id='word_1_185' title='bbox 1105 2396 1217 2476; x_wconf 91' lang='lat' dir='ltr'>plnres</span> <span class='ocrx_word' id='word_1_186' title='bbox 1232 2396 1300 2458; x_wconf 89' lang='lat' dir='ltr'>sint</span> 
     </span>
     <span class='ocr_line' id='line_1_23' title="bbox 205 2493 1299 2569; baseline 0.002 -14"><span class='ocrx_word' id='word_1_187' title='bbox 205 2495 372 2558; x_wconf 89' lang='lat' dir='ltr'>naturales</span> <span class='ocrx_word' id='word_1_188' title='bbox 388 2495 620 2559; x_wconf 87' lang='lat' dir='ltr'>inclinationes</span> <span class='ocrx_word' id='word_1_189' title='bbox 635 2511 672 2556; x_wconf 90' lang='lat' dir='ltr'>ac</span> <span class='ocrx_word' id='word_1_190' title='bbox 695 2493 884 2569; x_wconf 74' lang='lat' dir='ltr'>tendentia,</span> <span class='ocrx_word' id='word_1_191' title='bbox 900 2511 966 2556; x_wconf 87' lang='lat' dir='ltr'>una</span> <span class='ocrx_word' id='word_1_192' title='bbox 980 2504 1088 2556; x_wconf 85' lang='lat' dir='ltr'>tamen</span> <span class='ocrx_word' id='word_1_193' title='bbox 1100 2502 1149 2557; x_wconf 89' lang='lat' dir='ltr'>est</span> <span class='ocrx_word' id='word_1_194' title='bbox 1163 2494 1198 2556; x_wconf 91' lang='lat' dir='ltr'>in</span> <span class='ocrx_word' id='word_1_195' title='bbox 1213 2511 1299 2557; x_wconf 93' lang='lat' dir='ltr'>uno·</span> 
     </span>
     <span class='ocr_line' id='line_1_24' title="bbox 205 2590 1300 2674; baseline 0 -19"><span class='ocrx_word' id='word_1_196' title='bbox 205 2609 342 2673; x_wconf 87' lang='lat' dir='ltr'>quoque</span> <span class='ocrx_word' id='word_1_197' title='bbox 371 2611 436 2674; x_wconf 88' lang='lat' dir='ltr'>qua</span> <span class='ocrx_word' id='word_1_198' title='bbox 457 2593 497 2655; x_wconf 92' lang='lat' dir='ltr'>ad</span> <span class='ocrx_word' id='word_1_199' title='bbox 518 2592 617 2654; x_wconf 86' lang='lat' dir='ltr'>tinem</span> <span class='ocrx_word' id='word_1_200' title='bbox 643 2591 748 2673; x_wconf 91' lang='lat' dir='ltr'>ipsius</span> <span class='ocrx_word' id='word_1_201' title='bbox 774 2590 947 2674; x_wconf 90' lang='lat' dir='ltr'>proprium</span> <span class='ocrx_word' id='word_1_202' title='bbox 977 2591 1151 2673; x_wconf 80' lang='lat' dir='ltr'>dirigitur;</span> <span class='ocrx_word' id='word_1_203' title='bbox 1168 2601 1201 2656; x_wconf 91' lang='lat' dir='ltr'>et</span> <span class='ocrx_word' id='word_1_204' title='bbox 1228 2593 1300 2656; x_wconf 79' lang='lat' dir='ltr'>baec</span> 
     </span>
     <span class='ocr_line' id='line_1_25' title="bbox 206 2690 1389 2772; baseline 0 -20"><span class='ocrx_word' id='word_1_205' title='bbox 206 2692 375 2772; x_wconf 87' lang='lat' dir='ltr'>praecipua</span> <span class='ocrx_word' id='word_1_206' title='bbox 391 2692 424 2753; x_wconf 92' lang='lat' dir='ltr'>in</span> <span class='ocrx_word' id='word_1_207' title='bbox 445 2701 519 2754; x_wconf 92' lang='lat' dir='ltr'>ente</span> <span class='ocrx_word' id='word_1_208' title='bbox 535 2699 593 2766; x_wconf 87' lang='lat' dir='ltr'>est,</span> <span class='ocrx_word' id='word_1_209' title='bbox 611 2690 664 2753; x_wconf 93' lang='lat' dir='ltr'>cni</span> <span class='ocrx_word' id='word_1_210' title='bbox 682 2697 805 2754; x_wconf 81' lang='lat' dir='ltr'>caeteroe</span> <span class='ocrx_word' id='word_1_211' title='bbox 826 2708 940 2754; x_wconf 88' lang='lat' dir='ltr'>omnes</span> <span class='ocrx_word' id='word_1_212' title='bbox 965 2691 1237 2754; x_wconf 88' lang='lat' dir='ltr'>subordinantur.</span> <span class='ocrx_word' id='word_1_213' title='bbox 1261 2690 1299 2756; x_wconf 96' lang='lat' dir='ltr'>ld</span> <span class='ocrx_word' id='word_1_214' title='bbox 1382 2706 1389 2772; x_wconf 72' lang='lat' dir='ltr'>j</span> 
     </span>
     <span class='ocr_line' id='line_1_26' title="bbox 206 2779 1389 2871; baseline 0.001 -21"><span class='ocrx_word' id='word_1_215' title='bbox 206 2788 310 2869; x_wconf 75' lang='lat' dir='ltr'>igitur</span> <span class='ocrx_word' id='word_1_216' title='bbox 325 2789 414 2869; x_wconf 90' lang='lat' dir='ltr'>quod</span> <span class='ocrx_word' id='word_1_217' title='bbox 431 2790 632 2852; x_wconf 89' lang='lat' dir='ltr'>tendentiam</span> <span class='ocrx_word' id='word_1_218' title='bbox 661 2790 746 2851; x_wconf 91' lang='lat' dir='ltr'>banc</span> <span class='ocrx_word' id='word_1_219' title='bbox 773 2789 960 2870; x_wconf 87' lang='lat' dir='ltr'>principem</span> <span class='ocrx_word' id='word_1_220' title='bbox 985 2789 1104 2871; x_wconf 83' lang='lat' dir='ltr'>explet,</span> <span class='ocrx_word' id='word_1_221' title='bbox 1129 2790 1192 2853; x_wconf 89' lang='lat' dir='ltr'>boc</span> <span class='ocrx_word' id='word_1_222' title='bbox 1207 2779 1301 2852; x_wconf 79' lang='lat' dir='ltr'>affert</span> <span class='ocrx_word' id='word_1_223' title='bbox 1388 2795 1389 2798; x_wconf 76' lang='grc'>’</span> 
     </span>
     <span class='ocr_line' id='line_1_27' title="bbox 205 2883 1300 2969; baseline 0.002 -22"><span class='ocrx_word' id='word_1_224' title='bbox 205 2883 275 2949; x_wconf 87' lang='lat' dir='ltr'>enti</span> <span class='ocrx_word' id='word_1_225' title='bbox 292 2887 527 2967; x_wconf 90' lang='lat' dir='ltr'>perlectionem</span> <span class='ocrx_word' id='word_1_226' title='bbox 544 2886 593 2947; x_wconf 91' lang='lat' dir='ltr'>illi</span> <span class='ocrx_word' id='word_1_227' title='bbox 613 2904 686 2948; x_wconf 88' lang='lat' dir='ltr'>vere</span> <span class='ocrx_word' id='word_1_228' title='bbox 701 2886 962 2960; x_wconf 90' lang='lat' dir='ltr'>convenientem,</span> <span class='ocrx_word' id='word_1_229' title='bbox 976 2904 1046 2948; x_wconf 94' lang='lat' dir='ltr'>eam</span> <span class='ocrx_word' id='word_1_230' title='bbox 1061 2905 1180 2969; x_wconf 89' lang='lat' dir='ltr'>nempe</span> <span class='ocrx_word' id='word_1_231' title='bbox 1192 2886 1300 2968; x_wconf 87' lang='lat' dir='ltr'>perie-</span> 
     </span>
    </p>
   </div>
   <div class='ocr_carea' id='block_1_8' title="bbox 205 2983 1388 3065">
    <p class='ocr_par' dir='ltr' id='par_1_9' title="bbox 205 2983 1388 3065">
     <span class='ocr_line' id='line_1_28' title="bbox 205 2983 1388 3065; baseline 0 -20"><span class='ocrx_word' id='word_1_232' title='bbox 205 2983 350 3046; x_wconf 88' lang='lat' dir='ltr'>ctionem</span> <span class='ocrx_word' id='word_1_233' title='bbox 368 2985 407 3045; x_wconf 92' lang='lat' dir='ltr'>ad</span> <span class='ocrx_word' id='word_1_234' title='bbox 417 3002 514 3065; x_wconf 91' lang='lat' dir='ltr'>quam</span> <span class='ocrx_word' id='word_1_235' title='bbox 524 2983 919 3047; x_wconf 87' lang='lat' dir='ltr'>naturadestinatnr.Hoo</span> <span class='ocrx_word' id='word_1_236' title='bbox 931 3001 1009 3064; x_wconf 75' lang='lat' dir='ltr'>ergo</span> <span class='ocrx_word' id='word_1_237' title='bbox 1020 2986 1201 3048; x_wconf 89' lang='lat' dir='ltr'>esthonum</span> <span class='ocrx_word' id='word_1_238' title='bbox 1214 2984 1299 3048; x_wconf 92' lang='lat' dir='ltr'>entis</span> <span class='ocrx_word' id='word_1_239' title='bbox 1387 3029 1388 3058; x_wconf 66' lang='lat'>,</span> 
     </span>
    </p>
   </div>
   <div class='ocr_carea' id='block_1_9' title="bbox 206 3082 1301 3359">
    <p class='ocr_par' dir='ltr' id='par_1_10' title="bbox 206 3082 1301 3359">
     <span class='ocr_line' id='line_1_29' title="bbox 206 3082 1300 3164; baseline 0.001 -20"><span class='ocrx_word' id='word_1_240' title='bbox 206 3099 333 3144; x_wconf 86' lang='lat' dir='ltr'>verum.</span> <span class='ocrx_word' id='word_1_241' title='bbox 343 3082 420 3154; x_wconf 84' lang='lat' dir='ltr'>Quae</span> <span class='ocrx_word' id='word_1_242' title='bbox 430 3102 507 3146; x_wconf 89' lang='lat' dir='ltr'>vero</span> <span class='ocrx_word' id='word_1_243' title='bbox 520 3082 715 3164; x_wconf 90' lang='lat' dir='ltr'>partialibus</span> <span class='ocrx_word' id='word_1_244' title='bbox 731 3100 767 3144; x_wconf 89' lang='lat' dir='ltr'>ae</span> <span class='ocrx_word' id='word_1_245' title='bbox 783 3082 1008 3146; x_wconf 87' lang='lat' dir='ltr'>subordinatis</span> <span class='ocrx_word' id='word_1_246' title='bbox 1024 3083 1300 3149; x_wconf 88' lang='lat' dir='ltr'>inclinationibus</span> 
     </span>
     <span class='ocr_line' id='line_1_30' title="bbox 206 3177 1301 3265; baseline 0.007 -23"><span class='ocrx_word' id='word_1_247' title='bbox 206 3180 423 3258; x_wconf 86' lang='lat' dir='ltr'>satisfaciunt,</span> <span class='ocrx_word' id='word_1_248' title='bbox 441 3183 468 3244; x_wconf 91' lang='lat' dir='ltr'>si</span> <span class='ocrx_word' id='word_1_249' title='bbox 491 3182 667 3264; x_wconf 89' lang='lat' dir='ltr'>principali</span> <span class='ocrx_word' id='word_1_250' title='bbox 699 3198 833 3262; x_wconf 87' lang='lat' dir='ltr'>quoqne</span> <span class='ocrx_word' id='word_1_251' title='bbox 857 3179 1035 3243; x_wconf 73' lang='lat' dir='ltr'>tendentia</span> <span class='ocrx_word' id='word_1_252' title='bbox 1057 3177 1251 3265; x_wconf 81' lang='lat' dir='ltr'>cbngruant,</span> <span class='ocrx_word' id='word_1_253' title='bbox 1268 3196 1301 3250; x_wconf 89' lang='lat' dir='ltr'>et</span> 
     </span>
     <span class='ocr_line' id='line_1_31' title="bbox 207 3279 1069 3359; baseline 0.005 -20"><span class='ocrx_word' id='word_1_254' title='bbox 207 3279 279 3359; x_wconf 91' lang='lat' dir='ltr'>ipsa</span> <span class='ocrx_word' id='word_1_255' title='bbox 294 3280 570 3358; x_wconf 89' lang='lat' dir='ltr'>bonaverasunt;</span> <span class='ocrx_word' id='word_1_256' title='bbox 588 3281 615 3343; x_wconf 92' lang='lat' dir='ltr'>si</span> <span class='ocrx_word' id='word_1_257' title='bbox 634 3279 684 3341; x_wconf 91' lang='lat' dir='ltr'>illi</span> <span class='ocrx_word' id='word_1_258' title='bbox 701 3280 867 3341; x_wconf 89' lang='lat' dir='ltr'>contraria</span> <span class='ocrx_word' id='word_1_259' title='bbox 882 3279 960 3355; x_wconf 90' lang='lat' dir='ltr'>sint,</span> <span class='ocrx_word' id='word_1_260' title='bbox 978 3279 1069 3343; x_wconf 82' lang='lat' dir='ltr'>falsa.</span> 
     </span>
    </p>
   </div>
   <div class='ocr_carea' id='block_1_10' title="bbox 178 3390 1386 3860">
    <p class='ocr_par' dir='ltr' id='par_1_11' title="bbox 178 3390 1386 3860">
     <span class='ocr_line' id='line_1_32' title="bbox 250 3390 1298 3476; baseline 0.01 -24"><span class='ocrx_word' id='word_1_261' title='bbox 250 3390 362 3455; x_wconf 48' lang='lat' dir='ltr'>litat0</span> <span class='ocrx_word' id='word_1_262' title='bbox 375 3391 501 3455; x_wconf 88' lang='lat' dir='ltr'>Bonum</span> <span class='ocrx_word' id='word_1_263' title='bbox 513 3410 571 3454; x_wconf 88' lang='lat' dir='ltr'>ens</span> <span class='ocrx_word' id='word_1_264' title='bbox 587 3391 711 3453; x_wconf 89' lang='lat' dir='ltr'>dicitur</span> <span class='ocrx_word' id='word_1_265' title='bbox 725 3391 774 3453; x_wconf 88' lang='lat' dir='ltr'>vel</span> <span class='ocrx_word' id='word_1_266' title='bbox 792 3391 870 3472; x_wconf 89' lang='lat' dir='ltr'>qnia</span> <span class='ocrx_word' id='word_1_267' title='bbox 881 3394 1046 3456; x_wconf 80' lang='lat' dir='ltr'>secundum</span> <span class='ocrx_word' id='word_1_268' title='bbox 1059 3413 1089 3456; x_wconf 87' lang='grc' dir='ltr'>εε</span> <span class='ocrx_word' id='word_1_269' title='bbox 1100 3394 1225 3459; x_wconf 91' lang='lat' dir='ltr'>bonum</span> <span class='ocrx_word' id='word_1_270' title='bbox 1237 3407 1298 3476; x_wconf 89' lang='lat' dir='ltr'>est,</span> 
     </span>
     <span class='ocr_line' id='line_1_33' title="bbox 206 3490 1386 3570; baseline -0.002 -17"><span class='ocrx_word' id='word_1_271' title='bbox 206 3491 257 3555; x_wconf 86' lang='lat' dir='ltr'>vel</span> <span class='ocrx_word' id='word_1_272' title='bbox 274 3490 352 3570; x_wconf 90' lang='lat' dir='ltr'>quia</span> <span class='ocrx_word' id='word_1_273' title='bbox 367 3490 468 3553; x_wconf 84' lang='lat' dir='ltr'>alteri.</span> <span class='ocrx_word' id='word_1_274' title='bbox 1385 3561 1386 3564; x_wconf 8' lang='grc' dir='ltr'><strong>Ἴ</strong></span> 
     </span>
     <span class='ocr_line' id='line_1_34' title="bbox 250 3577 1386 3667; baseline 0.006 -17"><span class='ocrx_word' id='word_1_275' title='bbox 250 3588 377 3651; x_wconf 86' lang='lat' dir='ltr'>Bonum</span> <span class='ocrx_word' id='word_1_276' title='bbox 407 3587 588 3649; x_wconf 88' lang='lat' dir='ltr'>secundnm</span> <span class='ocrx_word' id='word_1_277' title='bbox 616 3604 650 3649; x_wconf 90' lang='lat' dir='ltr'>se</span> <span class='ocrx_word' id='word_1_278' title='bbox 677 3594 726 3648; x_wconf 85' lang='lat' dir='ltr'>est</span> <span class='ocrx_word' id='word_1_279' title='bbox 753 3587 842 3667; x_wconf 91' lang='lat' dir='ltr'>quod</span> <span class='ocrx_word' id='word_1_280' title='bbox 860 3586 1095 3667; x_wconf 84' lang='lat' dir='ltr'>perlectionem</span> <span class='ocrx_word' id='word_1_281' title='bbox 1120 3591 1299 3657; x_wconf 89' lang='lat' dir='ltr'>babetsihi</span> <span class='ocrx_word' id='word_1_282' title='bbox 1385 3577 1386 3582; x_wconf 8' lang='grc' dir='ltr'>ἵ</span> 
     </span>
     <span class='ocr_line' id='line_1_35' title="bbox 178 3682 1299 3769; baseline 0.005 -19"><span class='ocrx_word' id='word_1_283' title='bbox 178 3714 180 3717; x_wconf 46' lang='grc'><strong>&lt;</strong></span> <span class='ocrx_word' id='word_1_284' title='bbox 205 3687 468 3750; x_wconf 87' lang='lat' dir='ltr'>convenientem.</span> <span class='ocrx_word' id='word_1_285' title='bbox 500 3685 555 3749; x_wconf 89' lang='lat' dir='ltr'>Sic</span> <span class='ocrx_word' id='word_1_286' title='bbox 584 3684 685 3748; x_wconf 90' lang='lat' dir='ltr'>homo</span> <span class='ocrx_word' id='word_1_287' title='bbox 712 3691 760 3746; x_wconf 89' lang='lat' dir='ltr'>est</span> <span class='ocrx_word' id='word_1_288' title='bbox 785 3682 893 3748; x_wconf 91' lang='lat' dir='ltr'>bouus</span> <span class='ocrx_word' id='word_1_289' title='bbox 915 3685 981 3749; x_wconf 89' lang='lat' dir='ltr'>sibi</span> <span class='ocrx_word' id='word_1_290' title='bbox 996 3687 1123 3751; x_wconf 88' lang='lat' dir='ltr'>ratione</span> <span class='ocrx_word' id='word_1_291' title='bbox 1138 3691 1299 3769; x_wconf 87' lang='lat' dir='ltr'>sanitatis,</span> 
     </span>
     <span class='ocr_line' id='line_1_36' title="bbox 207 3784 833 3860; baseline 0 -13"><span class='ocrx_word' id='word_1_292' title='bbox 207 3784 352 3860; x_wconf 82' lang='lat' dir='ltr'>uirtutis,</span> <span class='ocrx_word' id='word_1_293' title='bbox 370 3794 432 3845; x_wconf 89' lang='lat' dir='ltr'>etc.</span> <span class='ocrx_word' id='word_1_294' title='bbox 830 3812 833 3818; x_wconf 93' lang='lat'><em>·</em></span> 
     </span>
    </p>
   </div>
   <div class='ocr_carea' id='block_1_11' title="bbox 235 3912 511 4029">
    <p class='ocr_par' dir='ltr' id='par_1_12' title="bbox 235 3912 511 4029">
     <span class='ocr_line' id='line_1_37' title="bbox 236 3912 511 3969; baseline -0.011 -8"><span class='ocrx_word' id='word_1_295' title='bbox 236 3916 269 3969; x_wconf 85' lang='lat' dir='ltr'>(l)</span> <span class='ocrx_word' id='word_1_296' title='bbox 278 3913 352 3962; x_wconf 75' lang='lat' dir='ltr'>Arist.</span> <span class='ocrx_word' id='word_1_297' title='bbox 364 3914 383 3961; x_wconf 88' lang='lat' dir='ltr'>l.</span> <span class='ocrx_word' id='word_1_298' title='bbox 394 3912 449 3960; x_wconf 78' lang='lat' dir='ltr'>Etlr.</span> <span class='ocrx_word' id='word_1_299' title='bbox 458 3924 480 3961; x_wconf 89' lang='lat' dir='ltr'>o.</span> <span class='ocrx_word' id='word_1_300' title='bbox 491 3912 511 3960; x_wconf 89' lang='lat' dir='ltr'>l.</span> 
     </span>
     <span class='ocr_line' id='line_1_38' title="bbox 235 3970 407 4029; baseline -0.006 -11"><span class='ocrx_word' id='word_1_301' title='bbox 235 3972 269 4029; x_wconf 67' lang='grc' dir='ltr'>(Ξ)</span> <span class='ocrx_word' id='word_1_302' title='bbox 279 3970 308 4018; x_wconf 89' lang='lat' dir='ltr'>lu</span> <span class='ocrx_word' id='word_1_303' title='bbox 318 3971 338 4028; x_wconf 91' lang='lat' dir='ltr'>l,</span> <span class='ocrx_word' id='word_1_304' title='bbox 353 3971 407 4020; x_wconf 71' lang='lat' dir='ltr'>tert.</span> 
     </span>
    </p>
   </div>
   <div class='ocr_carea' id='block_1_12' title="bbox 0 0 1408 4600">
    <p class='ocr_par' dir='ltr' id='par_1_13' title="bbox 0 0 1408 4600">
     <span class='ocr_line' id='line_1_39' title="bbox 0 0 1408 4600; baseline 0 0"><span class='ocrx_word' id='word_1_305' title='bbox 0 0 1408 4600; x_wconf 95' lang='lat' dir='ltr'> </span> 
     </span>
    </p>
   </div>
  </div>
 </body>
</html>
