2792 4600
97 266 161 329 206
466 325 468 330 s
535 249 725 325 aosnonocrr.

98 400 367 480 corporispartes
379 393 818 476 dissociatatquedispergit,
829 394 1011 475 explicatur
1023 395 1191 475 quomodo

99 500 252 580 corporis
267 501 374 579 p‘artes
385 496 451 559 sint
463 506 552 560 extra
568 504 686 576 partes.
705 494 768 559 Sed
780 492 808 555 si
822 494 891 555 haec
902 495 1131 557 tantummodo
1143 495 1190 556 vis

101 597 235 678 corpori
256 597 388 674 inesset,
418 596 468 658 vel
485 595 555 675 ejus
580 593 743 675 pertibus,
768 594 818 654 hae
834 602 940 673 partes
966 592 1000 655 in
1024 593 1192 655 inlinitum

99 698 382 778 dispergerentur.
403 697 444 761 Ut
459 713 537 775 ergo
563 695 664 756 unitae
684 703 908 774 permaneant,
930 703 961 756 et
981 694 1123 775 spatium
1139 711 1192 756 re·
1223 769 1225 771 ,

104 798 225 877 pleant,
242 797 289 859 vis
301 798 402 859 altera
415 796 494 858 huic
507 795 619 875 primae
631 792 782 873 opposita
793 791 991 872 requiritnr;
1006 793 1191 856 haecantern

101 904 151 956 est
167 894 214 955 vis
230 895 406 956 attractiva.
426 895 503 969 Quae
519 910 633 955 rursus
650 909 708 971 per
722 910 757 953 se
772 909 839 952 non
856 891 1039 955 sufficeret:
1057 893 1084 954 si
1101 893 1191 955 enim

101 992 173 1055 sola
186 993 232 1054 vis
244 991 410 1055 attractiva
424 996 583 1072 regnaret,
597 1007 711 1053 omnes
725 999 831 1068 partes
844 989 877 1050 in
890 1000 1049 1070 punctum
1065 992 1190 1053 mathe-

97 1076 261 1166 ¹malicum
279 1110 349 1155 sese
365 1097 645 1170 componetrantes
658 1088 797 1151 coirent.
816 1087 945 1169 Duplici
959 1075 1059 1168 igitur
1075 1079 1109 1151 viw
1120 1106 1191 1153 cor·

105 1208 186 1270 pora
201 1199 359 1263 constant,
377 1188 541 1251 attractiva
556 1204 593 1247 ac
611 1185 786 1265 repulsiva.

146 1288 198 1354 20.
208 1288 272 1351 Sed
285 1308 351 1352 non
366 1288 456 1350 hisce
467 1287 558 1349 solis.
573 1285 634 1348 Per
647 1287 732 1365 leges
744 1285 832 1348 enirn
847 1286 1047 1350 universales
1059 1289 1191 1350 mecha·

105 1388 397 1453 nicaenniversalia
418 1388 526 1450 solum
547 1387 764 1466 phaenomena
782 1386 1048 1466 explicantur,ad
1067 1405 1191 1451 eavero

105 1509 179 1571 quae
196 1487 407 1570 particularia
429 1494 505 1549 sunt
521 1484 725 1565 explicanda,
749 1484 827 1546 alias
844 1497 999 1566 praeterea
1015 1486 1190 1569 viressup·

104 1608 266 1668 ponamus
277 1581 420 1669 oportet,
448 1605 521 1668 quae
541 1584 720 1648 seeundum
747 1584 844 1645 linem
860 1596 1050 1666 operentur.
1076 1586 1114 1649 ln
1131 1587 1191 1649 hac

103 1690 193 1751 enim
206 1706 316 1751 rernm
330 1686 540 1749 universitate
553 1703 620 1747 non
634 1684 824 1747 finalitatem
838 1685 1120 1754 solamenternam
1132 1687 1205 1748 de«

104 1788 355 1868 prehendimus,
373 1787 401 1863 vj
419 1786 512 1865 cujus
533 1803 584 1846 res
601 1784 665 1846 sibi
683 1784 822 1846 invicem
845 1786 1097 1848 accommodatae
1112 1795 1188 1848 sunt

103 1895 202 1967 atque
217 1887 437 1960 subserviunt,
460 1885 516 1947 sed
534 1886 632 1947 etiarn
649 1884 839 1946 finalitatem
857 1884 1031 1958 internam,
1048 1884 1077 1945 vi
1095 1886 1188 1963 cnjus

103 2002 156 2046 res
178 1985 315 2065 singulae
337 2004 370 2046 se
398 1985 484 2065 ipsas
513 1994 679 2063 generant,
703 1992 907 2058 conservant,
931 1982 1117 2064 perficiunt.
1135 1984 1189 2047 Hae
1263 2013 1268 2020 ’

102 2083 190 2144 vires
206 2101 278 2163 qnae
294 2082 333 2144 ad
351 2082 518 2143 internum
534 2080 632 2142 finem
645 2090 834 2162 operantur,
852 2082 986 2160 plastice
997 2082 1104 2144 vocari
1121 2100 1189 2145 me·

103 2191 230 2243 rentur.
245 2179 329 2252 Quas
345 2181 478 2261 quidem
497 2182 529 2242 in
542 2180 738 2259 corporibus
753 2181 918 2260 organicis
934 2181 1070 2245 existere
1084 2182 1190 2244 mani·

102 2279 220 2343 festum
237 2289 302 2358 est;
319 2300 392 2343 esse·
404 2300 536 2362 quoqne
553 2281 586 2342 in
604 2280 754 2361 reliquis,
774 2279 895 2343 inferre
911 2280 999 2363 licet.

143 2379 203 2441 il.¹
214 2383 274 2443 Per
291 2381 359 2442 haec
375 2390 481 2441 tamen
498 2380 610 2442 omnia
626 2379 772 2455 Kantins,
792 2387 826 2442 ut
841 2380 904 2442 sibi
920 2381 1094 2456 cohaereat,
1112 2383 1189 2447 late·

100 2478 156 2540 tur
171 2496 236 2542 non
255 2497 418 2542 nonmena
434 2479 480 2558 (L.
497 2478 568 2555 ata,
586 2479 643 2558 9⁰),
657 2479 712 2542 sed
728 2480 944 2559 phaenomena
959 2484 1187 2547 tantummodo

100 2580 271 2660 explicari.
285 2580 408 2660 Nempe
425 2581 468 2641 ita
481 2598 532 2641 res
547 2587 703 2660 apparent
717 2579 825 2654 nobis,
840 2590 875 2642 ut
887 2579 927 2642 ad
941 2599 994 2642 eas
1008 2583 1189 2663 apparitio·

100 2698 158 2741 nes
179 2679 388 2760 explicandas
405 2681 454 2742 hae
468 2681 553 2742 vires
574 2697 688 2742 omnes
704 2679 932 2760 concipiendae
953 2680 1030 2743 sint.
1048 2681 1143 2746 Forte
1159 2685 1185 2745 si

99 2779 186 2840 alins
204 2779 386 2841 intellectus
402 2797 419 2843 a
436 2790 548 2842 nostro
564 2773 713 2844 diversus
728 2780 857 2842 easdem
871 2798 922 2842 res
939 2780 1133 2858 intueretur,
1146 2782 1186 2844 ad

97 2878 331 2958 explicandum
343 2898 455 2941 earum
468 2892 588 2953 ortum,
608 2880 827 2959 operationes,
841 2879 1022 2954 interitum,
1041 2883 1187 2961 plasticis

97 2977 226 3040 viribus
240 2996 304 3040 non
322 2991 440 3058 egeret.
454 2980 509 3042 sed
526 2979 725 3051 mechanicis
737 2980 965 3042 tantummodo
976 2977 1102 3043 viribus
1116 3000 1186 3045 om·

100 3076 156 3137 nia
172 3076 362 3157 explicaret.
379 3076 423 3139 At.
434 3091 520 3141 certe
535 3096 610 3140 curn
626 3078 755 3156 ignoret
772 3078 955 3141 intellectus
973 3088 1083 3142 utrum
1097 3083 1185 3162 pltae-

41 3191 43 3193 ’
98 3192 270 3237 nomenaa
284 3165 374 3254 pirte
387 3175 433 3237 rei
447 3177 513 3238 sint
527 3177 561 3237 id
574 3177 663 3256 quod
676 3187 845 3257 apparent,
863 3196 929 3239 non
943 3188 1049 3259 potest
1062 3199 1098 3243 ea
1114 3201 1186 3262 qnae

97 3275 284 3359 necessario
297 3275 477 3336 secundum
491 3275 709 3357 phaenomena
717 3266 852 3356 cogitat,
862 3277 901 3338 ad
912 3295 1021 3340 rernm
1036 3290 1184 3344 naturam

98 3372 288 3433 transferre.

139 3471 190 3537 it.
210 3470 283 3533 Post
301 3469 465 3545 Kantium,
491 3474 600 3550 plnres
623 3472 679 3552 qni
697 3472 738 3535 de
753 3481 874 3536 nature
889 3475 1088 3556 philosoplis
1104 3477 1185 3539 sori·

97 3581 245 3652 pserunt,
262 3589 299 3634 ac
316 3571 409 3634 multi
424 3590 556 3652 quoqne
573 3574 627 3653 qni
647 3574 717 3661 eins
735 3573 943 3635 idealismum
959 3575 1099 3655 amplexi
1118 3594 1184 3639 non

96 3679 185 3746 sunt,
203 3669 454 3751 ejusprineipta
477 3675 693 3748 retinuerunt,
716 3673 805 3752 juxta
821 3692 894 3753 quae
915 3674 1108 3748 docuerunt,
1133 3676 1184 3738 in·
1227 3729 1230 3736 .

95 3770 256 3832 trinsecas
268 3771 351 3833 vires
361 3789 537 3851 corporum
547 3772 558 3833 i
565 3790 653 3851 psam
666 3790 845 3852 corporum
858 3775 1030 3836 essentiam
1039 3793 1122 3848 esse,
1140 3775 1184 3838 ita

95 3876 133 3930 nt
148 3887 285 3948 corpora
299 3869 382 3933 niltil
399 3871 464 3933 sint
476 3871 565 3932 aliud
579 3889 677 3951 quarn
691 3871 762 3934 loca
775 3870 900 3933 viribus
912 3871 1074 3952 oppositis
1086 3881 1184 3935 attra-

92 3967 216 4031 ctionis
233 3986 269 4030 ac
285 3970 485 4051 repulsionis
500 3971 635 4051 repleta.
