2792 4600
164 378 225 446 330
594 396 781 443 ucsuomun.

164 511 277 577 liberae
291 510 466 575 voluntatis
481 509 671 591 imperium,
687 528 794 585 cccc.,·
811 526 909 589 agens
922 526 961 571 ex
976 515 1100 571 naturae
1112 504 1253 570 uecessi-

166 619 242 687 tate,
258 629 345 692 cryc.

208 708 287 772 utet.
300 725 384 770 coar.
402 707 510 769 Posita
527 707 584 771 Dei
601 706 790 780 aeternitate,
807 705 951 769 mundus
964 724 1097 787 quoque
1111 715 1254 768 aeternus

155 825 241 875 ‚esse
252 805 360 883 debet,
373 825 400 869 ει
392 805 546 868 effectus
559 804 679 867 divinae
691 805 867 868 voluntatis
880 814 1057 885 poneretur
1066 805 1171 885 posita
1183 804 1255 884 ipsa

166 905 345 1000 voiuntate,
360 924 466 980 cenc.,·
483 905 511 967 si
528 903 606 985 poni
630 903 747 967 debeat
762 901 968 967 secundum
960 903 1063 983 ipsius
1078 903 1256 1013 voluntatis

166 993 386 1087 prepositum,
401 1023 489 1085 cepe.
578 1057 580 1062 .

211 1102 284 1165 275
302 1102 350 1168 Ob
366 1101 406 1164 11.
423 1102 469 1164 Ex
485 1099 751 1164 immutabilitate
767 1099 890 1164 divina.

163 1237 169 1242 ·
211 1201 244 1263 1ο
258 1199 363 1281 Agens
379 1200 467 1281 quod
483 1217 551 1263 non
567 1217 696 1280 semper
712 1201 788 1280 agit,
808 1208 952 1262 mutatur
969 1217 1072 1280 quum
1085 1198 1161 1280 agit,
1178 1200 1259 1280 quia

171 1300 292 1362 transit
301 1298 342 1360 de
356 1301 500 1379 potentia
511 1365 514 1370 ,
527 1298 560 1360 in
578 1307 697 1361 actum.
719 1298 782 1360 Sed
806 1298 891 1361 Deus
908 1316 973 1362 non
1001 1306 1108 1379 potest
1122 1298 1256 1364 mutari.

169 1398 257 1478 Ergo
268 1415 334 1461 uon
352 1406 457 1477 potest
471 1415 538 1460 non
555 1414 685 1476 semper
700 1414 793 1477 agere
809 1398 896 1478 quod
912 1398 991 1478 agit:

214 1496 462 1561 arationem.
478 1497 569 1561 Idem
587 1498 620 1557 in
644 1496 800 1558 omnibus
816 1514 952 1559 maneus
974 1496 1074 1572 idem,
1102 1505 1157 1559 aut
1172 1495 1260 1558 nihii
1283 1551 1294 1570 ,

173 1596 250 1659 tacit
263 1604 318 1658 aut
333 1594 407 1658 iacit
422 1613 552 1677 semper
566 1594 666 1658 idem.
681 1594 744 1657 Sed
759 1597 843 1659 lteus
855 1606 903 1657 est
917 1607 1046 1677 semper
1058 1595 1091 1659 iu
1103 1594 1261 1659 omnibus

173 1693 274 1759 idem.
292 1693 377 1774 Ergo
389 1703 443 1755 aut
459 1710 628 1773 nunquam
645 1693 807 1758 mundum
824 1694 900 1757 fecit
916 1711 1136 1775 necunquam
1151 1693 1259 1768 faciet,

173 1800 230 1856 aut
250 1810 382 1872 semper
395 1789 473 1853 iecit
484 1808 522 1853 ac
536 1808 664 1870 semper
680 1790 788 1853 saciet.

216 1891 289 1954 274.
313 1890 410 1971 Resp.
427 1890 467 1952 ad
486 1890 524 1951 im
540 1891 618 1954 Dist.
636 1889 712 1969 maj.
730 1889 836 1970 Agens
851 1889 939 1972 qued
956 1908 1022 1954 nou
1038 1909 1167 1973 semper
1182 1891 1259 1973 agit,

175 1990 201 2053 i.
217 2008 246 2052 e.
262 1989 296 2050 in
312 2006 379 2068 quo
391 2005 458 2051 non
471 1996 518 2050 est
532 2005 662 2069 semper
673 1996 764 2050 actus
780 2006 847 2069 quo
859 1988 983 2069 aliquid
998 1988 1086 2066 iacit,
1103 1999 1260 2068 mutatur,

174 2105 259 2152 cccc.
269 2110 281 2163 ,·
298 2087 322 2150 i.
339 2106 368 2150 e.
386 2085 481 2166 cujus
506 2085 640 2149 effectus
657 2103 723 2147 non
741 2103 871 2166 semper
892 2086 1012 2163 existit,
1028 2107 1115 2170 cepo.
1132 2089 1261 2153 Etenim

176 2188 236 2252 Dei
252 2194 342 2248 actus
357 2185 445 2247 idem
460 2192 508 2246 est
521 2202 559 2245 ac
574 2184 685 2247 divine
709 2183 902 2260 substantia,
924 2203 997 2266 quae
1018 2186 1128 2249 eadem
1153 2193 1264 2250 manet

177 2304 317 2368 semper,
344 2302 405 2347 nec
423 2283 524 2347 ullam
547 2282 581 2345 in
604 2302 638 2346 se
659 2284 875 2347 mutationem
899 2283 1018 2366 recipit
1038 2304 1076 2348 ex
1097 2304 1148 2361 ec,
1173 2286 1265 2367 quod

177 2384 457 2464 effectus-quidam
470 2383 594 2445 externi
611 2385 707 2446 aueo
724 2383 918 2462 intempore
933 2383 1121 2465 procedant.
1138 2383 1267 2469 Expcc

178 2484 295 2552 relatio
309 2482 464 2544 duntaxat
478 2479 657 2542 extrinseca
671 2481 734 2560 ipsi
750 2481 944 2561 acquiritur.

174 2642 176 2646 .
222 2581 317 2645 Coae.
334 2583 412 2643 mic.
429 2589 461 2641 et
474 2580 546 2642 diat.
563 2597 646 2643 com.
664 2579 781 2642 eodem
797 2591 903 2660 pacto.

220 2680 293 2744 275.
316 2678 365 2744 Ad
380 2682 421 2742 2
437 2678 515 2740 Diat.
531 2676 607 2758 aacj.
622 2677 656 2741 Si
673 2679 762 2758 quod
779 2687 886 2739 manet
900 2695 1031 2757 semper
1052 2679 1139 2741 idem
1155 2698 1193 2742 ex
1207 2698 1268 2744 ue·

115 2772 120 2779 ’
181 2779 330 2843 cessitate
351 2787 474 2839 naturae
493 2787 674 2856 operetur,
682 2794 786 2850 ccccm
807 2774 835 2837 si
868 2785 1022 2857 operatur
1044 2777 1210 2842 intellectu
1233 2788 1268 2842 et

180 2879 357 2952 voluntate,
375 2895 463 2957 cepo
486 2875 580 2944 Gccc.
597 2875 675 2938 mic
693 2883 726 2937 et
748 2875 818 2938 diat.
834 2893 917 2949 cccc.
941 2854 1084 2939 SPDeus
1104 2877 1270 2942 mundum

182 2980 324 3045 efficeret
335 2998 373 3041 cx
386 2979 577 3041 necessitate
589 2985 726 3054 naturae,
742 2994 845 3053 cunc,
855 2995 882 3039 ει
874 2978 1056 3041 muudum
1070 2980 1186 3043 efficit'
1176 2992 1272 3060 Juxta

182 3076 630 3161 praefinitionemintellectus
640 3094 698 3157 per
708 3074 1273 3162 imperiumvoluntatis,acpc.Vide

181 3179 267 3243 dicta
281 3176 316 3237 in
332 3175 438 3255 prima
453 3174 644 3237 difficultate
657 3174 741 3252 (art,
758 3174 798 3237 ad
815 3178 877 3253 Ψ).

222 3274 295 3339 mc.
313 3273 373 3338 Ob.
391 3272 447 3337 lli.
463 3274 510 3338 Ex
529 3272 675 3336 bonitate
691 3273 814 3339 diviua.

207 3374 258 3436 1⁰
273 3374 358 3436 licus
373 3390 503 3454 semper
515 3372 592 3434 facit
604 3372 691 3453 quod
706 3373 825 3435 melius
836 3381 895 3438 est.
909 3374 970 3438 Sed
984 3375 1103 3439 meiius
1114 3386 1161 3440 est
1173 3350 1274 3443 mun·

184 3474 263 3537 dum
277 3489 347 3533 esse
366 3488 403 3531 ac
418 3488 548 3550 semper
559 3487 641 3545 esse,
659 3487 757 3550 quam
774 3488 841 3534 uon
853 3489 982 3553 semper
994 3491 1075 3539 esse.
1089 3475 1172 3589 Ergo
1184 3478 1275 3542 Deus

184 3571 226 3634 ab
238 3578 359 3632 eterno
375 3569 535 3630 mundum
553 3566 641 3630 iecit.

226 3669 260 3731 2⁰
274 3668 308 3731 Si
326 3668 469 3728 mundus
481 3675 621 3728 aeternus
633 3682 698 3728 non
711 3672 770 3740 est,
783 3666 867 3728 licus
880 3666 1011 3732 infinito
1023 3678 1170 3751 tempore
1181 3675 1273 3740 nihil

186 3768 262 3831 iecit
276 3788 287 3841 ,·
303 3765 337 3827 id
354 3765 455 3846 quod,
479 3763 624 3831 bonitate
638 3764 708 3843 ejus
723 3774 854 3840 attenta,
879 3764 1113 3832 inconvenieus
1129 3772 1272 3841 videtur.

186 3873 266 3937 Nam
281 3869 308 3930 si
325 3865 431 3948 potuit
445 3868 530 3930 Deus
546 3865 707 3928 mundum
723 3875 879 3931 aeternum
893 3868 1009 3944 iacere,
1022 3878 1054 3932 at
1067 3872 1185 3947 noluit,
1202 3892 1273 3941 uon

187 3976 236 4032 est
246 3984 372 4029 summe
388 3965 495 4027 bonus
509 3977 541 4027 et
563 3964 686 4027 invidia
702 3966 845 4047 tangitur
859 3983 869 4042 ;
885 3967 912 4028 si
930 3985 1007 4030 veru
1026 3971 1139 4048 votuit,
1155 3984 1187 4036 at
1202 3992 1273 4040 non

189 4061 684 4148 potuit,limitataevirtutisest.
930 4062 938 4081 “
