2792 4600
193 333 255 398 218
628 348 821 423 cosuorocn.

190 464 487 546 simplicissimum,
501 472 599 546 atque
612 464 756 529 obuium.
771 462 951 538 Queratur,
965 479 1024 525 cur
1036 460 1122 524 binae
1134 460 1284 525 substan·

192 563 245 625 tioe
260 580 333 643 quae
349 562 387 648 ad
410 571 536 642 certum
552 562 721 643 quoddam
736 561 957 642 compositum
976 559 1184 623 efficiendum
1202 579 1282 624 con-

166 737 172 746 ,
191 668 377 735 currerunt,
395 660 459 724 hoc
471 661 643 736 dissoluto,
664 660 824 740 prodeant
839 658 961 721 eaedem
978 678 1051 740 quae
1066 667 1172 723 autea.
1190 659 1225 722 Si
1241 657 1282 721 ad
1361 671 1363 675 ’

193 760 337 823 chimica
351 761 515 842 principia
529 770 563 825 te
576 759 736 835 conferas,
755 761 807 822 vix
822 759 889 822 ulla
900 760 1085 843 explanatio
1101 758 1284 821 neccssaria

194 868 253 935 ast,
267 858 349 922 adeo
363 860 403 921 iis
415 860 532 942 positis
544 877 596 923 res
608 860 695 922 clara
707 869 766 922 est.
781 858 864 921 Vide
876 877 965 921 nunc
976 858 1010 920 in
1023 866 1161 940 quantas
1172 855 1283 920 amba·

194 974 250 1040 ges
268 975 302 1021 sa
318 958 481 1038 conjicere
496 958 613 1022 debeat
640 957 892 1040 peripateticus;
915 975 982 1037 quo
997 975 1073 1040 vero
1095 956 1196 1033 exitu,
1214 964 1284 1019 tute

195 1055 386 1136 perspicies,
424 1130 425 1133 Ἴ
830 1123 833 1124 ⁷

235 1155 365 1217 Materia
391 1154 507 1235 prirna,
539 1155 658 1235 inquit,
676 1172 791 1217 omnes
816 1154 936 1217 iormas
963 1155 1108 1236 potentia
1123 1154 1283 1218 continet.

194 1252 439 1315 Elementorum
462 1261 569 1315 autern
592 1252 706 1315 lormae
723 1252 756 1314 in
785 1253 886 1316 mixto
905 1253 1117 1316 continentur
1146 1253 1286 1334 iusuper

195 1350 324 1412 virtute.
334 1350 408 1412 llaec
420 1367 494 1413 vero
509 1350 658 1412 virtualis
671 1350 942 1431 praeoontinentia
959 1350 1113 1431 importat
1128 1350 1163 1412 in
1181 1351 1284 1416 mixto

193 1447 366 1529 qualitates
382 1448 543 1526 ejusmodi
557 1466 594 1510 ac
609 1449 855 1528 dispositiones,
869 1467 942 1529 quae
954 1450 1191 1513 elementorum
1204 1468 1284 1531 qua·

193 1545 339 1609 litoribus
358 1554 434 1608 sunt
448 1546 588 1609 maxime
604 1546 725 1609 affines.
744 1548 818 1610 Haec
830 1546 969 1609 affinitas
984 1546 1179 1628 qualitatum
1196 1548 1283 1629 inter

194 1645 331 1708 mixtum
348 1646 485 1726 ejusque
501 1634 673 1721 elementa,
692 1647 859 1708 vinculum
880 1646 1048 1727 quoddam
1063 1646 1285 1712 successionis

196 1746 282 1809 inter
301 1764 337 1808 ea
354 1746 535 1809 constituit.
553 1748 659 1828 Atque
675 1747 754 1808 hinc
769 1754 827 1822 est,
841 1746 930 1827 quod
954 1746 1032 1809 dum
1049 1745 1186 1809 mixtum
1209 1765 1283 1810 cor·

194 1845 370 1925 rumpitur,
395 1844 465 1925 ejus
493 1844 630 1909 formale
647 1844 849 1926 principium
870 1846 979 1907 locum
1000 1863 1056 1925 per
1080 1863 1114 1907 se
1137 1845 1224 1908 cedit
1239 1845 1284 1926 iis
1388 1869 1389 1874 ¹

196 1942 1284 2025 principiislormalibus,quibusobsuasproprietatesestmaxime

138 2045 150 2086 ’κ
194 2044 438 2122 propinquum;
456 2060 528 2121 quae
546 2043 682 2121 quidem
701 2041 862 2122 principia
879 2052 955 2103 sunt
976 2042 1054 2122 ipsae
1072 2042 1184 2105 formae
1204 2043 1284 2105 sim·

195 2140 344 2221 plicium,
359 2159 397 2202 ex
410 2140 532 2221 quibus
545 2142 683 2202 mixtum
701 2140 762 2202 luit
774 2141 932 2219 genitum.
952 2140 1031 2203 lndc
1044 2141 1091 2218 fit,
1108 2142 1284 2222 utsirnpli·

194 2240 244 2301 cia
257 2242 325 2302 naec
336 2258 431 2302 suurn
445 2257 514 2302 esse
528 2235 706 2315 resumant,
722 2256 786 2306 non
800 2258 888 2302 mera
905 2241 1049 2321 partium
1062 2243 1283 2322 separatione,

193 2338 250 2415 sed
274 2356 347 2399 vera
362 2337 506 2400 entitatis
526 2337 756 2418 productione.
780 2338 853 2400 llaec
875 2348 983 2401 autem
1000 2338 1175 2419 productio
1196 2340 1281 2401 mira

194 2456 263 2499 esse
280 2456 345 2500 non
362 2437 469 2512 debet,
487 2456 561 2500 cum
579 2439 612 2499 in
629 2438 771 2500 chimica
786 2438 907 2519 analysi
936 2439 1171 2520 potentissime
1188 2449 1281 2501 natu·

193 2535 276 2597 rales
292 2534 376 2597 vi'res
391 2537 493 2616 magis
510 2537 660 2598 minusve
676 2536 906 2613 interveniant,
920 2537 1106 2615 cujusmodi
1123 2546 1199 2601 sunt
1213 2537 1281 2600 sive

193 2635 371 2697 caloricum
388 2635 455 2696 sive
471 2626 672 2698 electricurn.
691 2634 736 2696 lta
749 2652 818 2696 rem
835 2635 1067 2715 peripateticus
1080 2636 1280 2715 explanabit.

235 2733 286 2797 41.
304 2734 406 2807 Quam
422 2733 464 2794 sit
487 2733 556 2794 hacc
577 2732 762 2813 explanatio
792 2732 931 2796 obscura
957 2741 988 2794 et
1004 2733 1155 2814 implexa,
1183 2729 1283 2798 nemo

193 2850 260 2894 non
290 2831 389 2894 videt.
418 2831 481 2895 Sed
510 2841 665 2912 praeterea
687 2832 777 2893 nulla
804 2832 871 2893 lere
891 2833 924 2894 in
943 2834 1003 2900 trac
1026 2833 1279 2896 ratiocinatione

193 2931 328 2994 assertio
344 2939 492 3011 est;·quae
518 2930 666 3011 neganda
682 2947 749 2992 non
772 2930 826 2995 sit.
844 2930 980 2994 Omissis
997 2929 1113 3010 primis
1135 2930 1275 2995 duabus.

233 3031 265 3091 1⁰
290 3028 480 3110 Negandum
502 3039 561 3106 est,
585 3016 805 3108 compositum
828 3028 935 3108 quoad
958 3046 1033 3090 suas
1059 3028 1232 3110 qualitates
1245 3037 1280 3092 et

191 3128 424 3209 dispositiones
437 3127 506 3192 suis
521 3127 692 3190 elementis
705 3145 775 3190 esse
790 3127 985 3207 proximius,
1000 3145 1100 3208 quarn
1113 3128 1187 3189 aliis
1202 3127 1281 3190 sub·

191 3228 330 3292 stantiis.
352 3230 443 3308 Aqua
458 3247 488 3290 v.
502 3245 550 3308 gr.
568 3225 676 3308 quoad
700 3227 916 3314 proprietates
932 3245 1006 3289 suas
1029 3245 1155 3302 omnes,
1172 3227 1281 3292 multo

191 3327 302 3388 minus
316 3325 357 3386 ab
381 3326 487 3389 alcool
505 3325 613 3401 distat,
631 3343 730 3406 quarn
756 3327 795 3389 ab
810 3327 969 3409 oxygonio
994 3327 1044 3388 vet
1062 3326 1279 3406 hydrogenio,

113 3448 122 3464 ·
191 3441 263 3505 quae
279 3435 354 3486 sunt
369 3424 438 3502 ejus
461 3424 630 3486 elementa.
651 3425 834 3499 Quamnam
850 3425 939 3487 enirn
956 3423 1191 3504 proprietatem
1208 3424 1278 3486 haec

191 3524 312 3586 habent
327 3541 403 3585 curn
418 3541 500 3604 aqua
516 3525 743 3585 communem?

229 3623 263 3686 2⁰
284 3623 486 3709 Nequedum,
510 3623 706 3704 qualitatum
726 3621 915 3684 affinitatem
939 3631 970 3684 et
995 3621 1275 3702 propinquitatem

189 3724 358 3785 vinculum
387 3722 616 3798 successionis,
641 3724 682 3784 de
708 3740 775 3802 quo
801 3721 937 3802 agimus,
966 3722 1061 3783 inter.
1078 3720 1279 3784 substantias

190 3814 444 3912 inducerelloc
459 3824 548 3882 eninr
564 3833 612 3884 cst
629 3821 750 3885 tarsum
764 3822 798 3882 in
817 3837 876 3896 se;
898 3837 992 3881 secus
1007 3837 1045 3880 ex
1066 3809 1150 3899 aqua
1165 3818 1277 3898 potius

188 3921 307 3995 alcool,
338 3937 435 4005 quam
452 3921 647 4001 oxygonium
669 3929 724 3982 aut
745 3919 998 4000 hydrogenium,
1022 3916 1111 3998 gigni
1128 3913 1277 3979 deberet.

188 4016 315 4082 Falsum
331 4036 464 4098 quoque
479 4027 527 4081 est
542 4027 672 4099 recepto
698 4016 870 4098 superiore
898 4015 1159 4103 adversariorum
1179 4011 1276 4092 prin·
