2792 4600
1122 242 1138 275 N

480 347 568 395 stoan
589 348 713 409 emaus,
736 349 829 397 estur
849 349 880 398 v.
1170 327 1230 395 att

195 267 228 314 «u

139 456 340 523 hattuarias
357 458 433 524 illas
447 461 594 537 virtutes,
609 463 729 543 quibus
740 481 793 527 res
805 463 972 526 instructa
983 471 1060 526 sunt
1072 461 1113 525 ad
1125 463 1234 527 diver·

138 573 200 621 sos
214 557 345 620 effeetus
362 558 605 640 producendos,
622 570 658 622 nt
670 561 717 623 vis
730 578 794 641 qua
805 578 938 641 magnes
952 559 1076 623 serrum
1086 562 1232 637 attrabit,

141 655 296 737 viresqne
316 656 460 739 propriae
482 657 729 734 alimentorum,
751 657 1010 735 medicaminum
1031 676 1069 723 ac
1089 673 1235 724 veneno·

142 765 231 830 rum,
253 754 572 839 aliaqueidpeuus.

187 850 260 917 156.
284 852 461 932 (lartesius,
474 853 626 940 beslius,
644 870 826 935 eorumque
840 854 970 918 asseclae
986 855 1236 938 qualitatespri·

140 969 214 1015 mor
226 952 420 1032 appelaruut
435 970 488 1016 eas
503 952 625 1027 solum,
643 970 716 1034 quse
730 969 747 1014 a
763 952 959 1035 geometrica
974 947 1164 1017 extensione
1178 969 1237 1017 ne·

141 1050 289 1114 uessario'
306 1049 492 1130 dimananu
516 1050 704 1133 eujusmodi
725 1056 802 1115 sunt
824 1047 938 1133 ligura,
957 1050 1135 1127 mobilitas,
1152 1050 1234 1115 situs

141 1156 323 1213 aetertum
337 1148 492 1231 partium,
508 1160 539 1214 et
552 1150 679 1215 similes
692 1169 701 1217 :
714 1152 862 1215 samuelus
873 1162 961 1227 veto,
976 1150 1150 1231 qualitates
1161 1167 1236 1214 sen·

143 1246 279 1325 sibilss;
296 1261 486 1330 quanquam
507 1250 556 1313 bae
568 1248 659 1329 juxta
674 1263 789 1314 eorum
805 1248 1000 1312 sententiam
1016 1245 1150 1331 proprie
1165 1259 1248 1313 non‘

142 1343 213 1407 sint
228 1361 406 1427 corporum
422 1345 594 1426 qualitates
613 1363 632 1408 a
647 1346 764 1427 primis
780 1345 953 1424 distinete,
970 1345 1027 1409 sed
1042 1346 1144 1409 animi
1161 1354 1234 1409 tan·

143 1443 318 1508 tummodo
331 1444 604 1521 modificationes,
618 1457 698 1509 orta
709 1444 1006 1528 ermetibusatque
1019 1443 1231 1527 impulsibus,

143 1542 268 1624 quibus
287 1542 471 1606 materiales
494 1543 662 1625 particulae
684 1561 806 1624 organa
825 1552 935 1607 nostra
957 1543 1153 1625 percellunt.
1174 1541 1235 1605 iiis

142 1640 388 1706 adlitboolius
400 1640 572 1723 qualitates
583 1643 698 1718 turmo,
712 1653 830 1724 nempe
840 1642 1016 1724 potentias,
1030 1641 1235 1724 quibnseor·

144 1749 228 1820 pom
247 1737 281 1801 in
303 1738 379 1802 aliis
397 1738 594 1821 eorpotibtt‘s
620 1741 818 1803 mutationes
837 1739 1001 1821 'masuam
1029 1739 1233 1822 producunt3

143 1846 221 1918 quse
242 1836 364 1919 pariter
384 1837 575 1922 potentian
594 1838 712 1921 primis
739 1838 953 1920 qualitatibus
969 1838 1077 1920 reipsa
1092 1857 1159 1903 non
1181 1838 1234 1900 dt-

140 1935 369 2015 stinguuntur.
787 1960 793 1965 -

189 2032 259 2099 151.
284 2033 329 2097 lix
356 2034 537 2117 principiis
558 2053 657 2118 supra
678 2035 866 2120 constitutis
886 2035 957 2115 (593
979 2035 1020 2100 98
1043 2038 1084 2117 to)
1098 2036 1240 2102 manile·

141 2137 233 2196 stum
248 2140 308 2208 est,
324 2150 391 2197 non
404 2134 627 2208 extensionem
643 2134 748 2198 solum
759 2136 989 2215 geometricam
1003 2136 1234 2216 proprietatem

142 2243 325 2311 eorporurn
345 2231 554 2295 essentialem
575 2247 659 2310 esso,
680 2232 737 2295 sed
753 2232 851 2295 etiam
865 2232 1040 2296 resistendi
1057 2233 1135 2298 vim.
1152 2227 1236 2300 ilino

144 2318 328 2411 corporum
342 2334 558 2414 proprietates
573 2341 697 2396 eoeterse
712 2340 778 2394 tam
791 2351 829 2394 ex
846 2333 918 2409 hac,
936 2351 1035 2414 quam
1054 2353 1091 2396 ex
1106 2333 1163 2396 illa
1177 2326 1235 2397 ile·

139 2431 315 2495 ‘sumeudae
326 2438 422 2510 sunt;
440 2431 512 2494 aliae
528 2431 617 2494 enim
633 2430 674 2492 ab
691 2430 764 2506 hae,
781 2430 853 2493 aliae
865 2431 905 2493 ab
922 2430 990 2507 illa,
1007 2430 1079 2494 alim
1093 2430 1133 2493 ab
1146 2439 1236 2494 utra·

142 2540 213 2611 que
227 2529 426 2610 dependent.
444 2529 663 2612 Proprietates
679 2530 758 2592 item
775 2528 965 2611 hujusmodi
981 2529 1054 2593 alia
1066 2525 1234 2611 generales

141 2640 225 2691 sunt
235 2629 384 2711 omnium
400 2642 589 2710 corporum,
602 2627 674 2692 alim
686 2628 844 2711 speciales
856 2635 888 2693 et
899 2645 964 2692 non
977 2626 1017 2690 ad
1029 2628 1141 2691 omnia
1155 2644 1231 2708 per·

142 2724 299 2799 timentes.
317 2727 455 2790 Domum
470 2743 489 2789 a
504 2725 762 2809 proprietatibus
778 2723 1040 2788 immutabilibus
1056 2725 1228 2807 qualitates

143 2824 323 2888 mutabiles
339 2833 372 2888 et
382 2824 608 2905 contingentes
623 2822 864 2905 distinguendae
876 2831 966 2887 sunt.
1003 2841 1007 2847 ·

191 2922 262 2988 158.
286 2925 504 3005 Proprietates
526 2941 627 3006 porro
648 2934 827 3005 corporum
847 2920 1000 3003 passales
1021 2940 1061 2985 ex
1080 2921 1231 2986 omnium

6 3093 7 3104 p
142 3039 309 3086 consensu
332 3031 429 3089 sunt:
451 3023 484 3086 10
504 3023 722 3106 pipurubilttus,
746 3022 824 3104 quia
842 3034 917 3084 eum
937 3014 1084 3083 extensio
1103 3016 1234 3082 infinita

15 3170 28 3183 ,
140 3138 218 3184 esse
231 3130 383 3203 nequeat,
398 3121 497 3185 settis
512 3119 713 3203 quibusdam
730 3114 892 3182 limitibus
906 3117 1114 3181 contineatur
1130 3135 1230 3199 opor·

6 3213 7 3224 ’
144 3228 214 3283 tet:
236 3217 269 3281 2⁰
293 3219 459 3296 mobilitas,
487 3237 560 3301 quae
582 3217 767 3300 proprietas
789 3225 837 3279 est
855 3215 1005 3298 eorporis
1025 3214 1135 3296 prouti
1159 3214 1232 3279 aliis

138 3318 308 3394 coexistit,
323 3327 484 3399 quatenus
499 3306 674 3382 relationes
689 3316 754 3380 loei
768 3330 848 3396 quas
862 3314 902 3377 ad
919 3314 977 3377 illa
994 3313 1091 3376 habet
1106 3321 1232 3377 mutare

141 3424 254 3498 potest
267 3417 323 3482 :5⁰
341 3416 551 3495 divisibiliter,
561 3415 595 3480 10
602 3415 775 3499 petoritum
787 3415 818 3476 5⁰
828 3412 1109 3495 impenetrabiliter,
1123 3428 1188 3494 qua
1198 3411 1235 3474 fit

139 3525 184 3580 ut
195 3515 287 3580 letus
298 3528 471 3598 aeorpote
486 3527 663 3597 ooonpatus
678 3514 720 3577 ab
734 3514 800 3577 alio
811 3513 910 3576 simul
925 3526 1064 3593 corpore
1080 3514 1232 3592 occupari

136 3623 312 3696 ‘nequeatz
335 3614 367 3678 6⁰
391 3614 526 3696 foeulttu
552 3613 693 3677 mouendi
719 3613 784 3675 olio
812 3629 942 3692 corporo
964 3628 1019 3691 per
1041 3610 1232 3690 impulsum:

139 3712 181 3774 7⁰
200 3715 327 3778 uirtutes
347 3714 516 3777 otuomieoe
539 3728 576 3776 ae
596 3711 770 3792 repulsivas,
800 3722 839 3771 ac
861 3708 1015 3789 potentie
1036 3707 1170 3788 passiam
1191 3707 1233 3770 iis

142 3812 383 3893 respondentes
400 3830 409 3877 r
426 3810 467 3874 ad
481 3813 539 3879 bas
554 3820 725 3874 revocatur
735 3810 895 3890 prauitas:
910 3806 944 3869 80
955 3808 1079 3882 inertia,
1095 3806 1118 3869 i.
1136 3826 1165 3869 e.
1181 3824 1234 3869 eu·
1269 3843 1271 3845 ·

142 3909 252 3974 tentia
264 3910 422 3992 principii
435 3910 604 3983 intrinseci
617 3907 866 3973 determinantis
877 3906 917 3967 ad
930 3904 1109 3985 agendum3
1121 3920 1186 3986 qua
1198 3904 1234 3967 bt

142 4015 184 4072 ut
194 4010 277 4074 vires
288 4027 404 4074 omnes
415 4028 593 4092 corporum
605 4005 879 4072 determinatione
890 4004 1091 4068 extrinsecus
1101 4010 1234 4085 recepta
