<?xml version="1.0" encoding="UTF-8"?>
<!DOCTYPE html PUBLIC "-//W3C//DTD XHTML 1.0 Transitional//EN"
    "http://www.w3.org/TR/xhtml1/DTD/xhtml1-transitional.dtd">
<html xmlns="http://www.w3.org/1999/xhtml" xml:lang="en" lang="en">
 <head>
  <title>
</title>
<meta http-equiv="Content-Type" content="text/html;charset=utf-8" />
  <meta name='ocr-system' content='tesseract 3.04.00' />
  <meta name='ocr-capabilities' content='ocr_page ocr_carea ocr_par ocr_line ocrx_word'/>
</head>
<body>
  <div class='ocr_page' id='page_1' title='image "./institutionesph01tonggoog_0086.png"; bbox 0 0 2792 4600; ppageno 0'>
   <div class='ocr_carea' id='block_1_1' title="bbox 143 311 785 379">
    <p class='ocr_par' dir='ltr' id='par_1_1' title="bbox 143 311 785 379">
     <span class='ocr_line' id='line_1_1' title="bbox 143 311 785 379; baseline 0.005 -5"><span class='ocrx_word' id='word_1_1' title='bbox 143 311 185 375; x_wconf 86' lang='lat'>80</span> <span class='ocrx_word' id='word_1_2' title='bbox 613 330 785 379; x_wconf 80' lang='lat' dir='ltr'>onrunocn.</span> 
     </span>
    </p>
   </div>
   <div class='ocr_carea' id='block_1_2' title="bbox 141 442 1233 825">
    <p class='ocr_par' dir='ltr' id='par_1_2' title="bbox 141 442 1233 825">
     <span class='ocr_line' id='line_1_2' title="bbox 186 442 1233 530; baseline 0.006 -26"><span class='ocrx_word' id='word_1_3' title='bbox 186 442 257 509; x_wconf 77' lang='lat'>165.</span> <span class='ocrx_word' id='word_1_4' title='bbox 286 442 393 507; x_wconf 68' lang='lat' dir='ltr'>altera</span> <span class='ocrx_word' id='word_1_5' title='bbox 423 442 613 508; x_wconf 82' lang='lat' dir='ltr'>substantiae</span> <span class='ocrx_word' id='word_1_6' title='bbox 639 446 761 510; x_wconf 88' lang='lat' dir='ltr'>divisio</span> <span class='ocrx_word' id='word_1_7' title='bbox 776 456 825 510; x_wconf 86' lang='lat' dir='ltr'>est</span> <span class='ocrx_word' id='word_1_8' title='bbox 840 449 874 510; x_wconf 87' lang='lat' dir='ltr'>in</span> <span class='ocrx_word' id='word_1_9' title='bbox 891 447 1233 530; x_wconf 71' lang='lat' dir='ltr'>simplicvmetccmpo-</span> 
     </span>
     <span class='ocr_line' id='line_1_3' title="bbox 141 547 1232 726; baseline 0.007 -25"><span class='ocrx_word' id='word_1_10' title='bbox 141 547 372 726; x_wconf 50' lang='grc' dir='ltr'>Μὲᾝεϊεηίίε</span> <span class='ocrx_word' id='word_1_11' title='bbox 385 660 458 722; x_wconf 80' lang='lat' dir='ltr'>quae</span> <span class='ocrx_word' id='word_1_12' title='bbox 471 641 594 707; x_wconf 84' lang='lat' dir='ltr'>unitate</span> <span class='ocrx_word' id='word_1_13' title='bbox 604 643 841 723; x_wconf 81' lang='lat' dir='ltr'>perlectissima</span> <span class='ocrx_word' id='word_1_14' title='bbox 859 644 919 724; x_wconf 75' lang='lat'><strong>(95)</strong></span> <span class='ocrx_word' id='word_1_15' title='bbox 936 644 1066 725; x_wconf 75' lang='lat' dir='ltr'>gaudet,</span> <span class='ocrx_word' id='word_1_16' title='bbox 1079 644 1102 707; x_wconf 88' lang='lat' dir='ltr'>i.</span> <span class='ocrx_word' id='word_1_17' title='bbox 1113 664 1142 708; x_wconf 90' lang='lat' dir='ltr'>e.</span> <span class='ocrx_word' id='word_1_18' title='bbox 1159 598 1232 726; x_wconf 73' lang='lat' dir='ltr'>puae</span> 
     </span>
     <span class='ocr_line' id='line_1_4' title="bbox 141 738 1232 825; baseline 0.005 -23"><span class='ocrx_word' id='word_1_19' title='bbox 141 757 203 802; x_wconf 88' lang='lat' dir='ltr'>nec</span> <span class='ocrx_word' id='word_1_20' title='bbox 215 738 363 819; x_wconf 86' lang='lat' dir='ltr'>partibus</span> <span class='ocrx_word' id='word_1_21' title='bbox 377 740 583 820; x_wconf 70' lang='lat' dir='ltr'>physicisll..</span> <span class='ocrx_word' id='word_1_22' title='bbox 603 741 672 821; x_wconf 81' lang='lat' dir='ltr'>ld&#39;l)</span> <span class='ocrx_word' id='word_1_23' title='bbox 688 752 826 819; x_wconf 89' lang='lat' dir='ltr'>constat,</span> <span class='ocrx_word' id='word_1_24' title='bbox 837 761 898 807; x_wconf 89' lang='lat' dir='ltr'>nec</span> <span class='ocrx_word' id='word_1_25' title='bbox 911 743 945 806; x_wconf 92' lang='lat' dir='ltr'>in</span> <span class='ocrx_word' id='word_1_26' title='bbox 961 743 1112 825; x_wconf 85' lang='lat' dir='ltr'>physicas</span> <span class='ocrx_word' id='word_1_27' title='bbox 1124 752 1232 825; x_wconf 82' lang='lat' dir='ltr'>partes</span> 
     </span>
    </p>
   </div>
   <div class='ocr_carea' id='block_1_3' title="bbox 141 837 1336 929">
    <p class='ocr_par' dir='ltr' id='par_1_3' title="bbox 141 837 1336 929">
     <span class='ocr_line' id='line_1_5' title="bbox 141 837 1336 929; baseline 0.006 -29"><span class='ocrx_word' id='word_1_28' title='bbox 141 837 261 900; x_wconf 86' lang='lat' dir='ltr'>resolvi</span> <span class='ocrx_word' id='word_1_29' title='bbox 278 848 395 918; x_wconf 80' lang='lat' dir='ltr'>potest,</span> <span class='ocrx_word' id='word_1_30' title='bbox 409 838 591 902; x_wconf 88' lang='lat' dir='ltr'>substantia</span> <span class='ocrx_word' id='word_1_31' title='bbox 606 847 655 903; x_wconf 89' lang='lat' dir='ltr'>est</span> <span class='ocrx_word' id='word_1_32' title='bbox 680 840 833 921; x_wconf 82' lang='lat' dir='ltr'><strong>simplex.</strong></span> <span class='ocrx_word' id='word_1_33' title='bbox 848 843 925 916; x_wconf 83' lang='lat' dir='ltr'>Quae</span> <span class='ocrx_word' id='word_1_34' title='bbox 937 841 1083 922; x_wconf 82' lang='lat' dir='ltr'><strong>physicis</strong></span> <span class='ocrx_word' id='word_1_35' title='bbox 1106 849 1233 906; x_wconf 84' lang='lat' dir='ltr'>constat</span> <span class='ocrx_word' id='word_1_36' title='bbox 1334 924 1336 929; x_wconf 14' lang='grc' dir='ltr'><strong><em>Α</em></strong></span> 
     </span>
    </p>
   </div>
   <div class='ocr_carea' id='block_1_4' title="bbox 136 935 1256 1706">
    <p class='ocr_par' dir='ltr' id='par_1_4' title="bbox 140 935 1252 1120">
     <span class='ocr_line' id='line_1_6' title="bbox 140 935 1230 1022; baseline 0.005 -24"><span class='ocrx_word' id='word_1_37' title='bbox 140 935 290 1018; x_wconf 89' lang='lat' dir='ltr'>partibus</span> <span class='ocrx_word' id='word_1_38' title='bbox 306 944 393 999; x_wconf 87' lang='lat' dir='ltr'>certa</span> <span class='ocrx_word' id='word_1_39' title='bbox 407 936 534 1003; x_wconf 83' lang='lat' dir='ltr'>ratione</span> <span class='ocrx_word' id='word_1_40' title='bbox 549 937 747 1020; x_wconf 88' lang='lat' dir='ltr'>conjunctis,</span> <span class='ocrx_word' id='word_1_41' title='bbox 764 948 797 1004; x_wconf 90' lang='lat' dir='ltr'>et</span> <span class='ocrx_word' id='word_1_42' title='bbox 811 940 846 1004; x_wconf 89' lang='lat' dir='ltr'>in</span> <span class='ocrx_word' id='word_1_43' title='bbox 861 940 972 1022; x_wconf 88' lang='lat' dir='ltr'>plures</span> <span class='ocrx_word' id='word_1_44' title='bbox 988 948 1095 1021; x_wconf 83' lang='lat' dir='ltr'>partes</span> <span class='ocrx_word' id='word_1_45' title='bbox 1112 941 1230 1006; x_wconf 90' lang='lat' dir='ltr'>resolvi</span> 
     </span>
     <span class='ocr_line' id='line_1_7' title="bbox 140 1035 1252 1120; baseline 0 -21"><span class='ocrx_word' id='word_1_46' title='bbox 140 1042 259 1118; x_wconf 62' lang='lat' dir='ltr'>potest.</span> <span class='ocrx_word' id='word_1_47' title='bbox 278 1035 458 1099; x_wconf 86' lang='lat' dir='ltr'>substantia</span> <span class='ocrx_word' id='word_1_48' title='bbox 474 1045 522 1100; x_wconf 88' lang='lat' dir='ltr'>est</span> <span class='ocrx_word' id='word_1_49' title='bbox 537 1037 730 1120; x_wconf 85' lang='lat' dir='ltr'>composita.</span> <span class='ocrx_word' id='word_1_50' title='bbox 1250 1096 1252 1099; x_wconf 84' lang='lat'>.</span> 
     </span>
    </p>

    <p class='ocr_par' dir='ltr' id='par_1_5' title="bbox 136 1132 1256 1706">
     <span class='ocr_line' id='line_1_8' title="bbox 184 1132 1231 1219; baseline 0.004 -24"><span class='ocrx_word' id='word_1_51' title='bbox 184 1132 255 1197; x_wconf 85' lang='grc'><strong>164.</strong></span> <span class='ocrx_word' id='word_1_52' title='bbox 273 1133 319 1197; x_wconf 77' lang='lat' dir='ltr'>lle</span> <span class='ocrx_word' id='word_1_53' title='bbox 345 1133 608 1200; x_wconf 90' lang='lat' dir='ltr'>substantiatum</span> <span class='ocrx_word' id='word_1_54' title='bbox 624 1136 770 1219; x_wconf 83' lang='lat' dir='ltr'>simplici</span> <span class='ocrx_word' id='word_1_55' title='bbox 787 1144 856 1199; x_wconf 88' lang='lat' dir='ltr'>tum</span> <span class='ocrx_word' id='word_1_56' title='bbox 869 1135 1051 1217; x_wconf 88' lang='lat' dir='ltr'>composita</span> <span class='ocrx_word' id='word_1_57' title='bbox 1066 1135 1135 1198; x_wconf 91' lang='lat' dir='ltr'>suis</span> <span class='ocrx_word' id='word_1_58' title='bbox 1148 1135 1231 1199; x_wconf 88' lang='lat' dir='ltr'>locis</span> 
     </span>
     <span class='ocr_line' id='line_1_9' title="bbox 140 1227 1256 1316; baseline 0.002 -22"><span class='ocrx_word' id='word_1_59' title='bbox 140 1232 332 1295; x_wconf 90' lang='lat' dir='ltr'>instituetur</span> <span class='ocrx_word' id='word_1_60' title='bbox 344 1232 523 1314; x_wconf 90' lang='lat' dir='ltr'>disputatio</span> <span class='ocrx_word' id='word_1_61' title='bbox 538 1251 545 1298; x_wconf 91' lang='lat'><strong>:</strong></span> <span class='ocrx_word' id='word_1_62' title='bbox 560 1233 685 1297; x_wconf 87' lang='lat' dir='ltr'>interea</span> <span class='ocrx_word' id='word_1_63' title='bbox 701 1236 770 1297; x_wconf 87' lang='lat' dir='ltr'>haec</span> <span class='ocrx_word' id='word_1_64' title='bbox 782 1234 1062 1316; x_wconf 80' lang='lat' dir='ltr'>statuerejtrverit.</span> <span class='ocrx_word' id='word_1_65' title='bbox 1251 1227 1256 1237; x_wconf 85' lang='grc'><strong>’</strong></span> 
     </span>
     <span class='ocr_line' id='line_1_10' title="bbox 152 1329 1228 1416; baseline 0.001 -24"><span class='ocrx_word' id='word_1_66' title='bbox 152 1344 158 1351; x_wconf 76' lang='grc'><strong>“</strong></span> <span class='ocrx_word' id='word_1_67' title='bbox 183 1332 216 1392; x_wconf 86' lang='lat' dir='ltr'>l⁰</span> <span class='ocrx_word' id='word_1_68' title='bbox 231 1329 427 1410; x_wconf 76' lang='lat' dir='ltr'>compositae</span> <span class='ocrx_word' id='word_1_69' title='bbox 456 1331 647 1395; x_wconf 72' lang='lat' dir='ltr'>substantiae</span> <span class='ocrx_word' id='word_1_70' title='bbox 662 1332 803 1416; x_wconf 78' lang='lat' dir='ltr'>essentia</span> <span class='ocrx_word' id='word_1_71' title='bbox 818 1350 855 1395; x_wconf 86' lang='lat' dir='ltr'>er</span> <span class='ocrx_word' id='word_1_72' title='bbox 872 1340 959 1396; x_wconf 88' lang='lat' dir='ltr'>certa</span> <span class='ocrx_word' id='word_1_73' title='bbox 975 1339 1137 1395; x_wconf 84' lang='lat' dir='ltr'>certarum</span> <span class='ocrx_word' id='word_1_74' title='bbox 1155 1349 1228 1412; x_wconf 92' lang='lat' dir='ltr'>par·</span> 
     </span>
     <span class='ocr_line' id='line_1_11' title="bbox 139 1428 1253 1513; baseline 0.005 -22"><span class='ocrx_word' id='word_1_75' title='bbox 139 1428 223 1492; x_wconf 88' lang='lat' dir='ltr'>tium</span> <span class='ocrx_word' id='word_1_76' title='bbox 240 1429 473 1507; x_wconf 74' lang='lat' dir='ltr'>conjunctione</span> <span class='ocrx_word' id='word_1_77' title='bbox 498 1429 679 1511; x_wconf 78' lang='lat' dir='ltr'>consurgit.</span> <span class='ocrx_word' id='word_1_78' title='bbox 710 1430 876 1513; x_wconf 81' lang='lat' dir='ltr'>separatis</span> <span class='ocrx_word' id='word_1_79' title='bbox 891 1431 982 1494; x_wconf 88' lang='lat' dir='ltr'>enim</span> <span class='ocrx_word' id='word_1_80' title='bbox 998 1430 1157 1512; x_wconf 87' lang='lat' dir='ltr'>partibus,</span> <span class='ocrx_word' id='word_1_81' title='bbox 1175 1439 1230 1493; x_wconf 84' lang='lat' dir='ltr'>aut</span> <span class='ocrx_word' id='word_1_82' title='bbox 1251 1492 1253 1497; x_wconf 48' lang='lat'>.</span> 
     </span>
     <span class='ocr_line' id='line_1_12' title="bbox 138 1526 1227 1611; baseline 0.004 -21"><span class='ocrx_word' id='word_1_83' title='bbox 138 1545 205 1593; x_wconf 86' lang='lat' dir='ltr'>uua</span> <span class='ocrx_word' id='word_1_84' title='bbox 216 1526 328 1607; x_wconf 87' lang='lat' dir='ltr'>aliqua</span> <span class='ocrx_word' id='word_1_85' title='bbox 339 1545 452 1590; x_wconf 88' lang='lat' dir='ltr'>earum</span> <span class='ocrx_word' id='word_1_86' title='bbox 465 1529 605 1607; x_wconf 77' lang='lat' dir='ltr'>sublata,</span> <span class='ocrx_word' id='word_1_87' title='bbox 626 1537 681 1592; x_wconf 91' lang='lat' dir='ltr'>aut</span> <span class='ocrx_word' id='word_1_88' title='bbox 696 1538 820 1593; x_wconf 88' lang='lat' dir='ltr'>mutata</span> <span class='ocrx_word' id='word_1_89' title='bbox 834 1528 1078 1611; x_wconf 74' lang='lat' dir='ltr'>coniunctionis</span> <span class='ocrx_word' id='word_1_90' title='bbox 1089 1528 1227 1606; x_wconf 85' lang='lat' dir='ltr'>ratione,</span> 
     </span>
     <span class='ocr_line' id='line_1_13' title="bbox 136 1625 864 1706; baseline 0.003 -18"><span class='ocrx_word' id='word_1_91' title='bbox 136 1625 203 1688; x_wconf 84' lang='lat' dir='ltr'>tale</span> <span class='ocrx_word' id='word_1_92' title='bbox 217 1625 438 1705; x_wconf 91' lang='lat' dir='ltr'>compositum</span> <span class='ocrx_word' id='word_1_93' title='bbox 455 1627 592 1693; x_wconf 88' lang='lat' dir='ltr'>omuino</span> <span class='ocrx_word' id='word_1_94' title='bbox 604 1635 709 1690; x_wconf 86' lang='lat' dir='ltr'>cessat</span> <span class='ocrx_word' id='word_1_95' title='bbox 720 1628 783 1705; x_wconf 69' lang='lat'>(52,</span> <span class='ocrx_word' id='word_1_96' title='bbox 800 1629 864 1706; x_wconf 79' lang='lat'>40).</span> 
     </span>
    </p>
   </div>
   <div class='ocr_carea' id='block_1_5' title="bbox 180 1723 1320 1809">
    <p class='ocr_par' dir='ltr' id='par_1_6' title="bbox 180 1723 1320 1809">
     <span class='ocr_line' id='line_1_14' title="bbox 180 1723 1320 1809; baseline 0.007 -25"><span class='ocrx_word' id='word_1_97' title='bbox 180 1723 213 1784; x_wconf 62' lang='lat'>2⁰</span> <span class='ocrx_word' id='word_1_98' title='bbox 226 1724 341 1789; x_wconf 87' lang='lat' dir='ltr'>Omnis</span> <span class='ocrx_word' id='word_1_99' title='bbox 356 1725 540 1807; x_wconf 88' lang='lat' dir='ltr'>composita</span> <span class='ocrx_word' id='word_1_100' title='bbox 555 1726 746 1801; x_wconf 89' lang='lat' dir='ltr'>substantia,</span> <span class='ocrx_word' id='word_1_101' title='bbox 760 1746 834 1798; x_wconf 87' lang='lat' dir='ltr'>cum</span> <span class='ocrx_word' id='word_1_102' title='bbox 851 1729 884 1789; x_wconf 91' lang='lat' dir='ltr'>in</span> <span class='ocrx_word' id='word_1_103' title='bbox 908 1735 1015 1807; x_wconf 90' lang='lat' dir='ltr'>partes</span> <span class='ocrx_word' id='word_1_104' title='bbox 1031 1726 1134 1790; x_wconf 91' lang='lat' dir='ltr'>dividi</span> <span class='ocrx_word' id='word_1_105' title='bbox 1152 1745 1227 1809; x_wconf 86' lang='lat' dir='ltr'>pos·</span> <span class='ocrx_word' id='word_1_106' title='bbox 1312 1759 1320 1776; x_wconf 88' lang='lat'><strong>·</strong></span> 
     </span>
    </p>
   </div>
   <div class='ocr_carea' id='block_1_6' title="bbox 133 1822 1229 4079">
    <p class='ocr_par' dir='ltr' id='par_1_7' title="bbox 134 1822 1229 2004">
     <span class='ocr_line' id='line_1_15' title="bbox 135 1822 1229 1906; baseline 0.001 -20"><span class='ocrx_word' id='word_1_107' title='bbox 135 1823 191 1898; x_wconf 86' lang='lat' dir='ltr'>sit,</span> <span class='ocrx_word' id='word_1_108' title='bbox 204 1822 378 1887; x_wconf 89' lang='lat' dir='ltr'>mutationi</span> <span class='ocrx_word' id='word_1_109' title='bbox 405 1842 442 1886; x_wconf 81' lang='lat' dir='ltr'>ac</span> <span class='ocrx_word' id='word_1_110' title='bbox 458 1823 671 1888; x_wconf 85' lang='lat' dir='ltr'>dissolutioni</span> <span class='ocrx_word' id='word_1_111' title='bbox 696 1843 754 1906; x_wconf 88' lang='lat' dir='ltr'>per</span> <span class='ocrx_word' id='word_1_112' title='bbox 769 1844 804 1890; x_wconf 85' lang='lat' dir='ltr'>se</span> <span class='ocrx_word' id='word_1_113' title='bbox 833 1833 881 1888; x_wconf 87' lang='lat' dir='ltr'>est</span> <span class='ocrx_word' id='word_1_114' title='bbox 906 1825 1065 1901; x_wconf 76' lang='lat' dir='ltr'>obnoxia;</span> <span class='ocrx_word' id='word_1_115' title='bbox 1082 1824 1229 1906; x_wconf 87' lang='lat' dir='ltr'>adeoque</span> 
     </span>
     <span class='ocr_line' id='line_1_16' title="bbox 134 1920 809 2004; baseline 0.007 -21"><span class='ocrx_word' id='word_1_116' title='bbox 134 1920 357 1983; x_wconf 78' lang='lat' dir='ltr'>essentialiter</span> <span class='ocrx_word' id='word_1_117' title='bbox 373 1923 578 2004; x_wconf 75' lang='lat' dir='ltr'>contingens.</span> <span class='ocrx_word' id='word_1_118' title='bbox 806 1990 809 1995; x_wconf 71' lang='grc'><strong>,</strong></span> 
     </span>
    </p>

    <p class='ocr_par' dir='ltr' id='par_1_8' title="bbox 135 2020 1229 2381">
     <span class='ocr_line' id='line_1_17' title="bbox 178 2020 1229 2104; baseline 0.001 -20"><span class='ocrx_word' id='word_1_119' title='bbox 178 2022 212 2084; x_wconf 77' lang='lat'>3⁰</span> <span class='ocrx_word' id='word_1_120' title='bbox 241 2020 351 2083; x_wconf 86' lang='lat' dir='ltr'>Partes</span> <span class='ocrx_word' id='word_1_121' title='bbox 381 2021 525 2103; x_wconf 74' lang='lat' dir='ltr'>physica</span> <span class='ocrx_word' id='word_1_122' title='bbox 555 2042 627 2104; x_wconf 72' lang='lat' dir='ltr'>quar</span> <span class='ocrx_word' id='word_1_123' title='bbox 649 2025 876 2104; x_wconf 70' lang='lat' dir='ltr'>compositam</span> <span class='ocrx_word' id='word_1_124' title='bbox 907 2022 1123 2086; x_wconf 88' lang='lat' dir='ltr'>substantiam</span> <span class='ocrx_word' id='word_1_125' title='bbox 1154 2040 1229 2085; x_wconf 91' lang='lat' dir='ltr'>con·</span> 
     </span>
     <span class='ocr_line' id='line_1_18' title="bbox 135 2118 1229 2204; baseline 0.002 -23"><span class='ocrx_word' id='word_1_126' title='bbox 135 2118 291 2192; x_wconf 88' lang='lat' dir='ltr'>stituunt,</span> <span class='ocrx_word' id='word_1_127' title='bbox 309 2128 385 2180; x_wconf 88' lang='lat' dir='ltr'>sunt</span> <span class='ocrx_word' id='word_1_128' title='bbox 401 2119 538 2185; x_wconf 89' lang='lat' dir='ltr'>totidem</span> <span class='ocrx_word' id='word_1_129' title='bbox 567 2120 770 2185; x_wconf 80' lang='lat' dir='ltr'>substantiae.</span> <span class='ocrx_word' id='word_1_130' title='bbox 793 2123 865 2187; x_wconf 88' lang='lat' dir='ltr'>Non</span> <span class='ocrx_word' id='word_1_131' title='bbox 882 2131 1019 2204; x_wconf 85' lang='lat' dir='ltr'>possunt</span> <span class='ocrx_word' id='word_1_132' title='bbox 1031 2121 1071 2184; x_wconf 88' lang='lat' dir='ltr'>ab</span> <span class='ocrx_word' id='word_1_133' title='bbox 1087 2120 1229 2184; x_wconf 87' lang='lat' dir='ltr'>invicem</span> 
     </span>
     <span class='ocr_line' id='line_1_19' title="bbox 135 2218 1228 2304; baseline 0.002 -25"><span class='ocrx_word' id='word_1_134' title='bbox 135 2226 211 2280; x_wconf 85' lang='lat' dir='ltr'>actu</span> <span class='ocrx_word' id='word_1_135' title='bbox 248 2219 404 2300; x_wconf 89' lang='lat' dir='ltr'>separari,</span> <span class='ocrx_word' id='word_1_136' title='bbox 442 2228 473 2282; x_wconf 89' lang='lat' dir='ltr'>et</span> <span class='ocrx_word' id='word_1_137' title='bbox 505 2229 660 2303; x_wconf 82' lang='lat' dir='ltr'>separatae</span> <span class='ocrx_word' id='word_1_138' title='bbox 701 2239 772 2284; x_wconf 88' lang='lat' dir='ltr'>esse</span> <span class='ocrx_word' id='word_1_139' title='bbox 809 2228 966 2304; x_wconf 85' lang='lat' dir='ltr'>perstant.</span> <span class='ocrx_word' id='word_1_140' title='bbox 989 2218 1074 2302; x_wconf 77' lang='lat' dir='ltr'>Ergo</span> <span class='ocrx_word' id='word_1_141' title='bbox 1104 2237 1163 2303; x_wconf 88' lang='lat' dir='ltr'>per</span> <span class='ocrx_word' id='word_1_142' title='bbox 1194 2238 1228 2282; x_wconf 88' lang='lat' dir='ltr'>sc</span> 
     </span>
     <span class='ocr_line' id='line_1_20' title="bbox 135 2326 223 2381; baseline -0.023 -1"><span class='ocrx_word' id='word_1_143' title='bbox 135 2326 223 2381; x_wconf 88' lang='lat' dir='ltr'>sunt.</span> 
     </span>
    </p>

    <p class='ocr_par' dir='ltr' id='par_1_9' title="bbox 134 2415 1229 3369">
     <span class='ocr_line' id='line_1_21' title="bbox 179 2415 1227 2501; baseline 0 -21"><span class='ocrx_word' id='word_1_144' title='bbox 179 2418 212 2480; x_wconf 75' lang='lat'>4⁰</span> <span class='ocrx_word' id='word_1_145' title='bbox 227 2415 332 2479; x_wconf 87' lang='lat' dir='ltr'>Omne</span> <span class='ocrx_word' id='word_1_146' title='bbox 346 2434 467 2498; x_wconf 84' lang='lat' dir='ltr'>corpus</span> <span class='ocrx_word' id='word_1_147' title='bbox 493 2428 542 2481; x_wconf 86' lang='lat' dir='ltr'>est</span> <span class='ocrx_word' id='word_1_148' title='bbox 559 2420 742 2482; x_wconf 87' lang='lat' dir='ltr'>substantia</span> <span class='ocrx_word' id='word_1_149' title='bbox 761 2418 959 2501; x_wconf 90' lang='lat' dir='ltr'>composita;</span> <span class='ocrx_word' id='word_1_150' title='bbox 976 2426 1011 2482; x_wconf 90' lang='lat' dir='ltr'>ut</span> <span class='ocrx_word' id='word_1_151' title='bbox 1026 2417 1115 2480; x_wconf 87' lang='lat' dir='ltr'>enim</span> <span class='ocrx_word' id='word_1_152' title='bbox 1131 2435 1227 2499; x_wconf 85' lang='lat' dir='ltr'>expe·</span> 
     </span>
     <span class='ocr_line' id='line_1_22' title="bbox 135 2516 1229 2599; baseline -0.002 -20"><span class='ocrx_word' id='word_1_153' title='bbox 135 2516 255 2579; x_wconf 90' lang='lat' dir='ltr'>rientia</span> <span class='ocrx_word' id='word_1_154' title='bbox 273 2524 411 2591; x_wconf 89' lang='lat' dir='ltr'>constat,</span> <span class='ocrx_word' id='word_1_155' title='bbox 427 2535 549 2599; x_wconf 87' lang='lat' dir='ltr'>corpus</span> <span class='ocrx_word' id='word_1_156' title='bbox 573 2536 671 2582; x_wconf 87' lang='lat' dir='ltr'>omne</span> <span class='ocrx_word' id='word_1_157' title='bbox 697 2518 866 2582; x_wconf 87' lang='lat' dir='ltr'>divisibile</span> <span class='ocrx_word' id='word_1_158' title='bbox 880 2526 929 2581; x_wconf 89' lang='lat' dir='ltr'>est</span> <span class='ocrx_word' id='word_1_159' title='bbox 942 2517 1058 2580; x_wconf 85' lang='lat' dir='ltr'>saltem</span> <span class='ocrx_word' id='word_1_160' title='bbox 1074 2516 1108 2578; x_wconf 92' lang='lat' dir='ltr'>in</span> <span class='ocrx_word' id='word_1_161' title='bbox 1121 2525 1229 2596; x_wconf 85' lang='lat' dir='ltr'>partes</span> 
     </span>
     <span class='ocr_line' id='line_1_23' title="bbox 136 2615 1229 2699; baseline -0.003 -21"><span class='ocrx_word' id='word_1_162' title='bbox 136 2615 358 2695; x_wconf 79' lang='lat' dir='ltr'>homogeneas</span> <span class='ocrx_word' id='word_1_163' title='bbox 389 2615 436 2694; x_wconf 88' lang='lat' dir='ltr'>(L.</span> <span class='ocrx_word' id='word_1_164' title='bbox 455 2616 538 2696; x_wconf 83' lang='lat'>108).</span> <span class='ocrx_word' id='word_1_165' title='bbox 555 2618 708 2693; x_wconf 83' lang='lat' dir='ltr'>Quaedam</span> <span class='ocrx_word' id='word_1_166' title='bbox 725 2635 802 2682; x_wconf 89' lang='lat' dir='ltr'>vero</span> <span class='ocrx_word' id='word_1_167' title='bbox 827 2635 967 2699; x_wconf 90' lang='lat' dir='ltr'>corpora</span> <span class='ocrx_word' id='word_1_168' title='bbox 981 2615 1169 2688; x_wconf 85' lang='lat' dir='ltr'>coalescunt</span> <span class='ocrx_word' id='word_1_169' title='bbox 1190 2632 1229 2675; x_wconf 83' lang='lat' dir='ltr'>ex</span> 
     </span>
     <span class='ocr_line' id='line_1_24' title="bbox 135 2713 1226 2798; baseline 0 -23"><span class='ocrx_word' id='word_1_170' title='bbox 135 2714 334 2796; x_wconf 81' lang='lat' dir='ltr'>corporibus</span> <span class='ocrx_word' id='word_1_171' title='bbox 361 2715 472 2796; x_wconf 88' lang='lat' dir='ltr'>specle</span> <span class='ocrx_word' id='word_1_172' title='bbox 498 2716 649 2793; x_wconf 86' lang='lat' dir='ltr'>diversis,</span> <span class='ocrx_word' id='word_1_173' title='bbox 679 2727 713 2780; x_wconf 81' lang='lat' dir='ltr'>ut</span> <span class='ocrx_word' id='word_1_174' title='bbox 729 2735 779 2779; x_wconf 82' lang='lat' dir='ltr'>ex.</span> <span class='ocrx_word' id='word_1_175' title='bbox 797 2735 845 2798; x_wconf 77' lang='lat' dir='ltr'>gr.</span> <span class='ocrx_word' id='word_1_176' title='bbox 862 2733 962 2797; x_wconf 81' lang='lat' dir='ltr'>aqua3</span> <span class='ocrx_word' id='word_1_177' title='bbox 975 2713 1131 2796; x_wconf 47' lang='lat' dir='ltr'>&#39;quandam</span> <span class='ocrx_word' id='word_1_178' title='bbox 1146 2729 1226 2790; x_wconf 90' lang='lat' dir='ltr'>non,</span> 
     </span>
     <span class='ocr_line' id='line_1_25' title="bbox 135 2803 1228 2881; baseline -0.005 -3"><span class='ocrx_word' id='word_1_179' title='bbox 135 2820 193 2878; x_wconf 80' lang='lat' dir='ltr'>aut</span> <span class='ocrx_word' id='word_1_180' title='bbox 219 2813 331 2876; x_wconf 83' lang='lat' dir='ltr'>saltem</span> <span class='ocrx_word' id='word_1_181' title='bbox 358 2803 473 2877; x_wconf 61' lang='lat' dir='ltr'>&#39;utrum</span> <span class='ocrx_word' id='word_1_182' title='bbox 489 2834 527 2877; x_wconf 83' lang='lat' dir='ltr'>ex</span> <span class='ocrx_word' id='word_1_183' title='bbox 543 2816 682 2879; x_wconf 87' lang='lat' dir='ltr'>diversis</span> <span class='ocrx_word' id='word_1_184' title='bbox 708 2824 857 2881; x_wconf 88' lang='lat' dir='ltr'>constent</span> <span class='ocrx_word' id='word_1_185' title='bbox 882 2832 949 2877; x_wconf 91' lang='lat' dir='ltr'>non</span> <span class='ocrx_word' id='word_1_186' title='bbox 980 2822 1028 2876; x_wconf 88' lang='lat' dir='ltr'>est</span> <span class='ocrx_word' id='word_1_187' title='bbox 1047 2813 1155 2874; x_wconf 85' lang='lat' dir='ltr'>adbuc</span> <span class='ocrx_word' id='word_1_188' title='bbox 1177 2829 1228 2873; x_wconf 81' lang='lat' dir='ltr'>ex·</span> 
     </span>
     <span class='ocr_line' id='line_1_26' title="bbox 136 2909 1227 2994; baseline -0.001 -22"><span class='ocrx_word' id='word_1_189' title='bbox 136 2912 316 2993; x_wconf 81' lang='lat' dir='ltr'>ploratum.</span> <span class='ocrx_word' id='word_1_190' title='bbox 326 2911 471 2994; x_wconf 84' lang='lat' dir='ltr'>Corpora</span> <span class='ocrx_word' id='word_1_191' title='bbox 488 2914 559 2977; x_wconf 82' lang='lat' dir='ltr'>baec</span> <span class='ocrx_word' id='word_1_192' title='bbox 573 2924 760 2978; x_wconf 77' lang='lat' dir='ltr'>vocantura</span> <span class='ocrx_word' id='word_1_193' title='bbox 775 2913 929 2977; x_wconf 89' lang='lat' dir='ltr'>cbimlcis</span> <span class='ocrx_word' id='word_1_194' title='bbox 943 2909 1133 2975; x_wconf 84' lang='lat' dir='ltr'>substantiae</span> <span class='ocrx_word' id='word_1_195' title='bbox 1148 2909 1227 2973; x_wconf 89' lang='lat' dir='ltr'>sim·</span> 
     </span>
     <span class='ocr_line' id='line_1_27' title="bbox 135 3001 1228 3095; baseline 0 -23"><span class='ocrx_word' id='word_1_196' title='bbox 135 3010 252 3092; x_wconf 87' lang='lat' dir='ltr'>plices,</span> <span class='ocrx_word' id='word_1_197' title='bbox 267 3027 333 3073; x_wconf 90' lang='lat' dir='ltr'>non</span> <span class='ocrx_word' id='word_1_198' title='bbox 350 3030 390 3075; x_wconf 86' lang='lat' dir='ltr'>eo</span> <span class='ocrx_word' id='word_1_199' title='bbox 403 3001 504 3094; x_wconf 79' lang='lat' dir='ltr'>¹quod</span> <span class='ocrx_word' id='word_1_200' title='bbox 523 3014 670 3094; x_wconf 89' lang='lat' dir='ltr'>partibus</span> <span class='ocrx_word' id='word_1_201' title='bbox 681 3024 824 3090; x_wconf 83' lang='lat' dir='ltr'>careant,</span> <span class='ocrx_word' id='word_1_202' title='bbox 841 3024 877 3077; x_wconf 89' lang='lat' dir='ltr'>ut</span> <span class='ocrx_word' id='word_1_203' title='bbox 887 3021 986 3095; x_wconf 88' lang='lat' dir='ltr'>patet,</span> <span class='ocrx_word' id='word_1_204' title='bbox 999 3013 1054 3075; x_wconf 89' lang='lat' dir='ltr'>sed</span> <span class='ocrx_word' id='word_1_205' title='bbox 1068 3019 1228 3093; x_wconf 87' lang='lat' dir='ltr'>quatenus</span> 
     </span>
     <span class='ocr_line' id='line_1_28' title="bbox 135 3107 1229 3196; baseline -0.001 -24"><span class='ocrx_word' id='word_1_206' title='bbox 135 3125 204 3172; x_wconf 91' lang='lat' dir='ltr'>non</span> <span class='ocrx_word' id='word_1_207' title='bbox 221 3107 408 3172; x_wconf 88' lang='lat' dir='ltr'>coalescunt</span> <span class='ocrx_word' id='word_1_208' title='bbox 439 3127 478 3173; x_wconf 82' lang='lat' dir='ltr'>ex</span> <span class='ocrx_word' id='word_1_209' title='bbox 505 3112 696 3175; x_wconf 86' lang='lat' dir='ltr'>substantlls</span> <span class='ocrx_word' id='word_1_210' title='bbox 712 3115 822 3196; x_wconf 87' lang='lat' dir='ltr'>specie</span> <span class='ocrx_word' id='word_1_211' title='bbox 843 3111 992 3175; x_wconf 88' lang='lat' dir='ltr'>diversis.</span> <span class='ocrx_word' id='word_1_212' title='bbox 1020 3114 1229 3174; x_wconf 76' lang='lat' dir='ltr'>(lateranam</span> 
     </span>
     <span class='ocr_line' id='line_1_29' title="bbox 134 3207 1227 3292; baseline 0 -23"><span class='ocrx_word' id='word_1_213' title='bbox 134 3225 276 3288; x_wconf 88' lang='lat' dir='ltr'>corpora</span> <span class='ocrx_word' id='word_1_214' title='bbox 288 3216 445 3271; x_wconf 87' lang='lat' dir='ltr'>vocantur</span> <span class='ocrx_word' id='word_1_215' title='bbox 458 3209 649 3273; x_wconf 71' lang='lat' dir='ltr'>substantia</span> <span class='ocrx_word' id='word_1_216' title='bbox 663 3211 865 3292; x_wconf 83' lang='lat' dir='ltr'>compositae,</span> <span class='ocrx_word' id='word_1_217' title='bbox 881 3211 931 3271; x_wconf 90' lang='lat' dir='ltr'>vel</span> <span class='ocrx_word' id='word_1_218' title='bbox 944 3209 1081 3289; x_wconf 85' lang='lat' dir='ltr'>antiquo</span> <span class='ocrx_word' id='word_1_219' title='bbox 1092 3207 1227 3271; x_wconf 89' lang='lat' dir='ltr'>nomine</span> 
     </span>
     <span class='ocr_line' id='line_1_30' title="bbox 135 3306 684 3369; baseline -0.005 -1"><span class='ocrx_word' id='word_1_220' title='bbox 135 3306 249 3369; x_wconf 79' lang='lat' dir='ltr'>mixta.</span> <span class='ocrx_word' id='word_1_221' title='bbox 682 3361 684 3365; x_wconf 87' lang='lat'>.</span> 
     </span>
    </p>

    <p class='ocr_par' dir='ltr' id='par_1_10' title="bbox 133 3402 1226 4079">
     <span class='ocr_line' id='line_1_31' title="bbox 178 3402 1226 3485; baseline 0 -20"><span class='ocrx_word' id='word_1_222' title='bbox 178 3405 210 3465; x_wconf 79' lang='lat'>5⁰</span> <span class='ocrx_word' id='word_1_223' title='bbox 222 3402 432 3483; x_wconf 81' lang='lat' dir='ltr'>Experientia</span> <span class='ocrx_word' id='word_1_224' title='bbox 448 3404 659 3479; x_wconf 84' lang='lat' dir='ltr'>demonstrat,</span> <span class='ocrx_word' id='word_1_225' title='bbox 677 3405 865 3468; x_wconf 90' lang='lat' dir='ltr'>mirabilem</span> <span class='ocrx_word' id='word_1_226' title='bbox 882 3405 978 3485; x_wconf 88' lang='lat' dir='ltr'>plane</span> <span class='ocrx_word' id='word_1_227' title='bbox 993 3411 1025 3466; x_wconf 88' lang='lat' dir='ltr'>et</span> <span class='ocrx_word' id='word_1_228' title='bbox 1040 3405 1226 3485; x_wconf 86' lang='lat' dir='ltr'>incompre-</span> 
     </span>
     <span class='ocr_line' id='line_1_32' title="bbox 135 3502 1226 3588; baseline -0.002 -23"><span class='ocrx_word' id='word_1_229' title='bbox 135 3502 335 3588; x_wconf 87' lang='lat' dir='ltr'>hensibilem</span> <span class='ocrx_word' id='word_1_230' title='bbox 369 3520 439 3565; x_wconf 87' lang='lat' dir='ltr'>esse</span> <span class='ocrx_word' id='word_1_231' title='bbox 471 3522 647 3567; x_wconf 88' lang='lat' dir='ltr'>numerum</span> <span class='ocrx_word' id='word_1_232' title='bbox 678 3505 840 3586; x_wconf 87' lang='lat' dir='ltr'>partium,</span> <span class='ocrx_word' id='word_1_233' title='bbox 873 3522 991 3585; x_wconf 87' lang='lat' dir='ltr'>nempe</span> <span class='ocrx_word' id='word_1_234' title='bbox 1028 3502 1226 3566; x_wconf 91' lang='lat' dir='ltr'>substantia-</span> 
     </span>
     <span class='ocr_line' id='line_1_33' title="bbox 134 3599 1224 3682; baseline -0.003 -19"><span class='ocrx_word' id='word_1_235' title='bbox 134 3618 210 3663; x_wconf 86' lang='lat' dir='ltr'>rum</span> <span class='ocrx_word' id='word_1_236' title='bbox 225 3600 291 3678; x_wconf 75' lang='lat'>(5⁰),</span> <span class='ocrx_word' id='word_1_237' title='bbox 309 3618 382 3679; x_wconf 87' lang='lat' dir='ltr'>quae</span> <span class='ocrx_word' id='word_1_238' title='bbox 398 3600 433 3660; x_wconf 90' lang='lat' dir='ltr'>in</span> <span class='ocrx_word' id='word_1_239' title='bbox 449 3600 578 3662; x_wconf 86' lang='lat' dir='ltr'>modica</span> <span class='ocrx_word' id='word_1_240' title='bbox 595 3601 739 3664; x_wconf 70' lang='lat' dir='ltr'>materiae</span> <span class='ocrx_word' id='word_1_241' title='bbox 756 3602 914 3682; x_wconf 89' lang='lat' dir='ltr'>particula</span> <span class='ocrx_word' id='word_1_242' title='bbox 929 3599 1224 3664; x_wconf 85' lang='lat' dir='ltr'>continentur.Sed</span> 
     </span>
     <span class='ocr_line' id='line_1_34' title="bbox 133 3698 1225 3782; baseline -0.001 -22"><span class='ocrx_word' id='word_1_243' title='bbox 133 3707 260 3760; x_wconf 90' lang='lat' dir='ltr'>certum</span> <span class='ocrx_word' id='word_1_244' title='bbox 278 3707 336 3772; x_wconf 92' lang='lat' dir='ltr'>est,</span> <span class='ocrx_word' id='word_1_245' title='bbox 356 3699 389 3760; x_wconf 89' lang='lat' dir='ltr'>in</span> <span class='ocrx_word' id='word_1_246' title='bbox 406 3698 523 3760; x_wconf 86' lang='lat' dir='ltr'>barum</span> <span class='ocrx_word' id='word_1_247' title='bbox 540 3698 703 3763; x_wconf 87' lang='lat' dir='ltr'>divisione</span> <span class='ocrx_word' id='word_1_248' title='bbox 723 3698 877 3782; x_wconf 85' lang='lat' dir='ltr'>partium,</span> <span class='ocrx_word' id='word_1_249' title='bbox 895 3700 936 3763; x_wconf 85' lang='lat' dir='ltr'>ad</span> <span class='ocrx_word' id='word_1_250' title='bbox 953 3698 1119 3781; x_wconf 89' lang='lat' dir='ltr'>primitiva</span> <span class='ocrx_word' id='word_1_251' title='bbox 1135 3716 1225 3779; x_wconf 80' lang='lat' dir='ltr'>quae-</span> 
     </span>
     <span class='ocr_line' id='line_1_35' title="bbox 133 3793 1226 3878; baseline -0.001 -21"><span class='ocrx_word' id='word_1_252' title='bbox 133 3796 210 3858; x_wconf 86' lang='lat' dir='ltr'>darn</span> <span class='ocrx_word' id='word_1_253' title='bbox 227 3796 388 3858; x_wconf 85' lang='lat' dir='ltr'>elementa</span> <span class='ocrx_word' id='word_1_254' title='bbox 403 3795 644 3859; x_wconf 87' lang='lat' dir='ltr'>deveniendum</span> <span class='ocrx_word' id='word_1_255' title='bbox 656 3798 787 3861; x_wconf 89' lang='lat' dir='ltr'>tandem</span> <span class='ocrx_word' id='word_1_256' title='bbox 800 3814 1079 3878; x_wconf 87' lang='lat' dir='ltr'>esse,quanquam</span> <span class='ocrx_word' id='word_1_257' title='bbox 1095 3796 1135 3858; x_wconf 92' lang='lat' dir='ltr'>ad</span> <span class='ocrx_word' id='word_1_258' title='bbox 1151 3793 1226 3857; x_wconf 90' lang='lat' dir='ltr'>illas</span> 
     </span>
     <span class='ocr_line' id='line_1_36' title="bbox 135 3896 1226 3978; baseline -0.001 -20"><span class='ocrx_word' id='word_1_259' title='bbox 135 3896 339 3975; x_wconf 86' lang='lat' dir='ltr'>experientia</span> <span class='ocrx_word' id='word_1_260' title='bbox 353 3896 540 3976; x_wconf 78' lang='lat' dir='ltr'>pertingere</span> <span class='ocrx_word' id='word_1_261' title='bbox 554 3913 621 3959; x_wconf 91' lang='lat' dir='ltr'>non</span> <span class='ocrx_word' id='word_1_262' title='bbox 638 3897 753 3978; x_wconf 88' lang='lat' dir='ltr'>possit.</span> <span class='ocrx_word' id='word_1_263' title='bbox 769 3896 843 3961; x_wconf 88' lang='lat' dir='ltr'>llaec</span> <span class='ocrx_word' id='word_1_264' title='bbox 854 3905 962 3960; x_wconf 88' lang='lat' dir='ltr'>autem</span> <span class='ocrx_word' id='word_1_265' title='bbox 977 3896 1138 3960; x_wconf 82' lang='lat' dir='ltr'>elementa</span> <span class='ocrx_word' id='word_1_266' title='bbox 1149 3907 1226 3959; x_wconf 87' lang='lat' dir='ltr'>sunt</span> 
     </span>
     <span class='ocr_line' id='line_1_37' title="bbox 134 3993 1226 4079; baseline 0 -22"><span class='ocrx_word' id='word_1_267' title='bbox 134 3994 310 4077; x_wconf 85' lang='lat' dir='ltr'>primitivae</span> <span class='ocrx_word' id='word_1_268' title='bbox 326 3993 527 4073; x_wconf 78' lang='lat' dir='ltr'>substantiae,</span> <span class='ocrx_word' id='word_1_269' title='bbox 537 4014 610 4078; x_wconf 87' lang='lat' dir='ltr'>quae</span> <span class='ocrx_word' id='word_1_270' title='bbox 625 4004 712 4060; x_wconf 88' lang='lat' dir='ltr'>certe</span> <span class='ocrx_word' id='word_1_271' title='bbox 728 3997 896 4079; x_wconf 86' lang='lat' dir='ltr'>simplices</span> <span class='ocrx_word' id='word_1_272' title='bbox 913 4005 1001 4073; x_wconf 86' lang='lat' dir='ltr'>sunt,</span> <span class='ocrx_word' id='word_1_273' title='bbox 1011 4004 1172 4078; x_wconf 82' lang='lat' dir='ltr'>quatenus</span> <span class='ocrx_word' id='word_1_274' title='bbox 1186 4012 1226 4058; x_wconf 85' lang='lat' dir='ltr'>ex</span> 
     </span>
    </p>
   </div>
   <div class='ocr_carea' id='block_1_7' title="bbox 0 0 1400 4600">
    <p class='ocr_par' dir='ltr' id='par_1_11' title="bbox 0 0 1400 4600">
     <span class='ocr_line' id='line_1_38' title="bbox 0 0 1400 4600; baseline 0 2"><span class='ocrx_word' id='word_1_275' title='bbox 0 0 1400 4600; x_wconf 95' lang='lat' dir='ltr'> </span> 
     </span>
    </p>
   </div>
  </div>
 </body>
</html>
