2792 4600
426 337 514 383 ursan
536 333 697 412 sacpuons,
721 336 812 383 maur
834 337 880 382 ιιι.
1130 318 1191 383 353

108 469 121 510 ι
144 449 693 531 recensgenitafaerat,qaaequeob
703 452 893 534 temperiem
903 450 1193 515 nimtsadhueete·

107 572 121 609 ι
144 559 220 623 tam,
231 568 329 632 super
342 550 803 632 terraesuperticieconsistere
816 569 881 613 non
892 559 1025 632 poterat,
1040 536 1191 630 cingebat

108 673 122 705 ι
144 648 363 730 undequaque
375 660 495 713 terrem
511 650 708 712 densissima
724 650 843 712 nebula
858 651 999 731 vaporis,
1014 660 1048 712 ut
1064 651 1189 722 dieunt,

23 771 24 776 ι
64 799 70 812 ,
108 772 124 803 ι
144 747 329 822 vesicuiosi,
353 750 413 811 eui
434 749 651 829 probabiliter
675 750 856 811 innumere
877 749 950 811 aliae
965 767 1074 829 opacae
1090 750 1190 829 pa'rti-

107 869 122 904 «
144 847 225 908 culae
241 846 307 909 sive
333 848 515 922 metallicae,
542 847 608 910 sive
627 848 766 909 alierum
787 847 970 927 specierum
999 848 1192 910 commisce-

23 937 24 956 ³
107 966 121 1003 ι
145 944 269 1007 bantur
268 992 332 1009 .....
350 946 390 1008 At
413 946 571 1028 paulatim
595 963 695 1025 opaca
713 945 908 1025 corpuscula
932 945 1191 1027 precipitabant,

23 1041 25 1056 ²
105 1065 121 1102 a
144 1052 176 1105 et
201 1045 335 1124 quando
363 1044 538 1126 temperies
554 1045 631 1106 satis
646 1044 799 1124 depressa
816 1044 850 1105 id
873 1043 1034 1125 permisit,
1052 1044 1193 1105 maxima
1244 1055 1247 1066 '

107 1161 122 1200 r
144 1142 242 1204 etiam
258 1143 306 1205 vis
320 1160 412 1224 aquae
424 1143 607 1216 decidebat,
624 1150 656 1204 et
670 1142 769 1222 globo
782 1144 926 1205 terrestri
941 1143 1193 1224 superextende-

107 1262 121 1299 ι
146 1239 280 1306 batur...
295 1241 406 1323 Caligo
416 1242 740 1322 iliadissipabatur...
754 1260 869 1324 magna
881 1244 938 1306 itta
951 1242 1193 1323 corpuscularis

106 1363 121 1398 ι
144 1342 274 1421 sphaera
289 1360 362 1423 quae
376 1333 512 1422 globtim
534 1351 721 1406 terrestrem
737 1343 899 1423 cingebat,
929 1342 1007 1405 setis
1029 1341 1194 1422 diapbana

108 1441 258 1505 «evasit.
280 1443 388 1523 Vapor
417 1451 524 1504 tamen
551 1460 674 1523 aqueus
704 1448 888 1520 concretus,
920 1452 951 1506 et
978 1443 1035 1505 itte
1057 1441 1193 1523 quidem
1237 1431 1242 1444 ’

108 1562 123 1599 ιι
146 1542 313 1621 copiosus,
331 1543 366 1603 in
382 1542 479 1604 editis
505 1543 641 1624 sphaere
659 1543 756 1621 hujus
779 1543 970 1623 regionibus
986 1542 1118 1618 mansit,
1137 1540 1193 1602 ubi

109 1663 123 1699 ι
146 1641 254 1721 major
279 1642 384 1703 suerat
405 1641 609 1722 refrigeratio
625 1659 724 1722 quam
741 1643 773 1704 in
793 1651 882 1722 parte
903 1641 1053 1704 inferiori
1068 1665 1080 1717 ;
1097 1650 1195 1721 atque

109 1763 124 1798 ι
147 1739 191 1801 ita
213 1740 410 1803 nebulosum
436 1742 535 1803 vetuti
557 1742 715 1803 fornicem
735 1741 917 1816 constituit,
944 1742 1001 1821 qui
1030 1758 1088 1822 per
1103 1740 1195 1801 iliam

109 1864 123 1896 ι
147 1838 348 1919 diapbanam
365 1841 615 1919 atmospbeeram
631 1840 671 1901 ab
686 1857 771 1919 uque
788 1847 909 1901 terram
930 1847 1122 1919 contegente
1146 1857 1194 1900 se·

109 1959 124 1994 ι
149 1936 364 2019 parabatur...
382 1938 566 2002 Nebuiosus
595 1938 652 1999 ilie
668 1938 777 1999 tornis
803 1945 964 2000 astrorum
994 1936 1128 2017 quidem
1148 1938 1196 1997 vi·

109 2054 224 2099 «sum
254 2038 460 2119 prohibebat,
477 2047 510 2099 at
524 2038 601 2100 satis
628 2055 737 2099 meare
761 2037 889 2099 sinebat
908 2037 1047 2099 solarem
1074 2035 1194 2112 lucem,

109 2159 124 2192 ι
147 2135 426 2216 quemadmodem
446 2147 485 2199 et
503 2136 604 2199 modo
630 2135 665 2196 iit
686 2153 789 2216 quum
819 2135 924 2197 nubes
951 2121 1069 2198 aoeiam
1092 2135 1196 2197 obda-

109 2244 230 2298 «cunt
246 2239 329 2316 iq.»

147 2333 257 2398 naues
273 2335 391 2398 iterum
417 2334 567 2397 tenebras
585 2333 617 2395 in
634 2340 731 2409 terra,
761 2350 798 2395 ac
816 2332 943 2396 ¹deinde
958 2333 1065 2396 lucem
1080 2351 1089 2410 ;
1106 2333 1195 2396 diem

23 2430 25 2479 ἕ
106 2435 303 2497 meandum.
1144 2448 1146 2451 ·

23 2552 24 2559 “
146 2535 225 2598 522.
243 2533 325 2596 Tum
348 2533 377 2596 vi
396 2532 601 2595 subterranei
618 2533 703 2614 ignis
721 2543 816 2595 terrae
831 2551 870 2594 ex
886 2526 984 2596 undis
998 2534 1116 2596 elevari
1133 2553 1196 2597 coe·

23 2648 35 2695 1
107 2644 243 2717 perant,
259 2644 290 2696 et
309 2635 342 2695 in
356 2643 469 2714 parato
481 2632 546 2694 sibi
564 2633 636 2696 ioco
650 2632 804 2712 vegetatis
819 2632 911 2712 regni
928 2633 1083 2713 primitiae
1098 2652 1197 2716 appa-

108 2752 191 2796 rere.
225 2733 391 2813 vegetatio
419 2740 527 2795 autem
552 2732 586 2792 in
615 2731 678 2793 uda
709 2731 765 2795 itta
794 2739 826 2792 et
854 2730 959 2792 calida
978 2738 1199 2799 etconstanti

108 2832 283 2918 temperie,
299 2832 450 2911 intraque
464 2830 715 2910 atmospbaeram
729 2828 823 2890 acido
835 2828 1010 2893 carbonico
1023 2832 1197 2897 refertissi-

109 2949 211 3007 mam,
241 2929 381 2991 mirifica
396 2928 576 3009 accipiebat
590 2928 802 3001 incrementa,
824 2943 862 2987 ac
877 2926 966 2988 brevi
982 2946 1108 3007 omnes,
1127 2953 1199 3014 quae

111 3038 325 3107 emerserant,
340 3039 442 3090 terras
465 3027 646 3109 occuparit.
660 3027 766 3091 Simul
783 3026 962 3105 incipiebat
976 3028 1010 3088 in
1024 3031 1118 3109 aquis
1131 3037 1200 3095 ani·

23 3182 24 3197 ι
110 3132 210 3195 maiis
238 3130 302 3192 vita
338 3128 381 3191 ab
410 3127 708 3207 imperfectissimis
740 3126 835 3204 buius
862 3126 953 3205 regni
983 3127 1200 3196 divisionibus

109 3229 318 3304 radiantium,
333 3244 389 3288 seu
403 3225 642 3306 neophytorum
657 3233 688 3286 et
701 3224 840 3285 mollium
854 3233 1061 3301 testaceorum,
1075 3228 1115 3289 de
1127 3233 1200 3310 qui·

111 3328 175 3392 bus
186 3328 311 3390 nuliam
324 3325 447 3406 Moyses
457 3324 656 3387 mentionem
670 3323 764 3400 iacit;
775 3340 849 3384 nam
863 3340 978 3385 eoram
993 3325 1201 3391 solummodo
1263 3324 1268 3333 ’

23 3490 24 3493 ,
112 3427 310 3491 animalium
336 3424 497 3503 originem
525 3431 770 3515 commemopat,
795 3439 867 3502 quae
894 3439 953 3502 per
973 3422 1057 3484 illud
1074 3433 1202 3508 tempus
1245 3499 1248 3503 ¹

113 3528 203 3591 inter
217 3523 373 3588 animalia
388 3521 673 3604 computabantur.

157 3624 230 3690 oto.
258 3624 292 3687 Si
309 3638 475 3704 vesperam
488 3629 519 3683 et
534 3637 630 3682 mane
645 3619 678 3680 in
701 3618 756 3680 die
769 3617 830 3680 bae
845 3625 876 3680 et
889 3619 1102 3699 sequentibus
1116 3641 1205 3703 quae-

113 3727 175 3801 ris,
193 3724 269 3787 audi
296 3732 461 3785 auctorem
484 3737 582 3800 quem
598 3719 779 3799 sequimur.
801 3739 819 3777 ι,
832 3717 943 3796 Magna
959 3719 1007 3786 ris
1023 3738 1060 3780 ex
1085 3719 1153 3783 imo
1169 3722 1203 3784 in

119 3844 134 3884 r
157 3825 261 3886 attam
277 3831 405 3883 terrena
421 3818 499 3880 satis
511 3825 641 3879 extensa
653 3835 762 3896 agens,
780 3826 878 3896 atque
889 3815 979 3886 adea
990 3834 1091 3909 super
1104 3836 1205 3899 eques

117 3945 135 3983 a
160 3920 316 3986 elevanda
329 3918 457 3992 idonea,
477 3916 504 3979 si
521 3933 588 3978 uno
603 3924 657 3978 aut
673 3914 740 3977 fere
752 3914 868 3977 eodem
883 3913 1076 3995 temporeiu
1092 3920 1205 3981 mattis

148 4030 396 4092 unumunurn.
