2792 4600
171 299 232 362 l28
624 309 796 361 ourotoem.

163 430 406 510 saeatepotentia
420 429 552 491 existens
564 451 573 489 .·
587 427 619 489 iul
638 428 726 490 enim
741 427 828 508 quod
843 437 957 491 natura
971 430 1063 510 prius
1077 439 1124 491 est
1137 431 1252 504 altero,

161 530 353 610 concipitur
364 538 395 590 et
407 527 602 607 intelligitur
615 527 646 588 in
661 547 719 589 sua
731 538 846 589 natura
858 529 1159 610 completum,quin
1176 531 1256 591 alte-

165 646 240 692 rum
257 627 474 706 intelligatur;
500 627 561 687 hoc
586 634 694 687 autem
722 626 860 688 alterum
888 626 1020 706 concipi
1044 628 1170 709 nequit,
1188 628 1253 689 nisi

164 728 277 809 priore
293 726 352 789 illo
368 726 543 790 intellecto.
562 724 638 796 Quae
653 726 694 785 ab
713 725 828 787 eodem
842 724 1009 806 principio
1024 727 1123 789 simul
1137 745 1254 810 prove-

164 828 273 901 niunt,
289 837 324 893 ut
344 844 457 888 omnes
480 825 612 888 effectus
638 823 837 898 simultanei,
855 820 1012 887 dicuntur
1031 845 1101 888 esse
1115 827 1150 888 ia
1163 828 1256 911 sipnn

160 927 274 1000 ecdem,
292 935 327 987 ut
342 944 372 987 v.
390 943 438 1004 gr.
456 924 489 985 in
506 922 634 985 bilance
656 940 809 984 ascensus
832 922 931 985 unius
947 922 1051 986 lancis
1067 934 1099 987 et
1114 925 1252 987 descen-

161 1045 219 1089 sus
235 1026 368 1087 alterius
386 1042 393 1087 ε
411 1042 484 1104 quae
498 1041 576 1085 vero
592 1032 667 1084 sunt
688 1023 721 1083 in
746 1022 862 1085 eudem
890 1023 1036 1099 instanti,
1054 1024 1110 1086 sed
1127 1025 1253 1086 nullam

163 1126 251 1187 inter
265 1143 299 1186 se
314 1123 363 1185 vel
379 1122 418 1183 ad
434 1122 568 1184 tertium
584 1119 720 1202 aliquod
741 1121 969 1203 dependentia
985 1124 1177 1185 relationem
1195 1123 1255 1185 ha·

161 1224 252 1299 bant,
270 1223 425 1283 dicuntur
441 1238 510 1282 esse
526 1222 560 1280 in
571 1220 667 1301 startia
683 1219 853 1300 disparilia,
867 1228 902 1282 ut
918 1238 1059 1300 praesens
1070 1220 1172 1282 animi
1187 1223 1252 1283 mei

160 1321 316 1401 cogitatio
332 1330 363 1381 et
380 1320 585 1405 planetarum
603 1328 722 1381 motus.
781 1390 785 1395 Α

203 1421 276 1483 258.
300 1419 393 1481 Nunc
418 1418 459 1480 ad
484 1436 585 1479 eausa
600 1419 782 1480 notionem.
800 1419 902 1480 Causa
928 1428 976 1479 est
999 1419 1189 1499 principiam
1204 1419 1253 1481 in·

158 1522 256 1600 fluxu
271 1538 326 1580 suo
337 1519 541 1579 determinans
556 1517 676 1596 aliquid
701 1517 759 1578 sttt
777 1518 964 1599 insufficiens
985 1517 1027 1579 ad
1047 1519 1250 1581 existendum.

161 1621 198 1683 lu
217 1620 277 1682 hac
293 1618 484 1680 delinitione
500 1636 560 1679 vox
577 1616 1005 1698 illazprineipiumtgeneris
1022 1616 1130 1679 locum
1145 1625 1250 1692 tenet;

161 1726 334 1801 sequentes
350 1733 358 1780 :
374 1717 574 1796 insincerae
588 1715 812 1796 :principium
830 1734 905 1776 eum
921 1715 1119 1797 principiato
1133 1716 1252 1778 intrin-

59 1868 62 1871 .
159 1837 234 1882 sece
248 1834 433 1881 connexum
450 1815 621 1896 designaut
636 1814 719 1894 (954)
740 1833 747 1878 :
765 1823 880 1876 caetera
907 1815 1012 1894 palam
1036 1815 1159 1878 iaciunt
1173 1834 1252 1878 cau·

159 1935 231 1980 sam
245 1935 315 1979 esse
328 1914 530 1995 principium
544 1922 659 1975 natura
673 1912 765 1993 prius
779 1932 923 1995 requam
939 1914 1101 1993 producit.
1112 1913 1146 1974 ld
1160 1916 1251 1996 quod

159 2035 258 2079 causa
274 2015 382 2089 efficit,
399 2012 519 2094 effeetus
535 2023 756 2095 nuncupatur.

203 2115 314 2175 Causae
330 2120 402 2194 post
417 2111 624 2174 Aristotelem
638 2111 676 2171 ad
691 2119 832 2191 quatuor
844 2110 961 2173 classes
974 2111 1115 2173 revocari
1130 2113 1257 2187 solent.

160 2212 313 2275 videlicet
342 2211 381 2273 atl
411 2211 594 2292 efficientem,
618 2211 754 2290 finalem,
778 2200 978 2283 materialem,
1005 2208 1180 2290 formalem
1208 2212 1251 2274 de

160 2312 283 2393 quibus
299 2330 386 2374 nunc
401 2319 449 2374 est
464 2310 640 2392 agendum.

593 2473 757 2556 nntlcutus
780 2512 813 2557 ll.

539 2642 580 2704 De
601 2661 696 2704 eausa
717 2642 869 2723 efficiente.

199 2774 286 2848 259.⁸
297 2775 398 2838 Causa
414 2774 557 2836 efficiens
573 2784 620 2836 est
636 2773 670 2835 id
682 2793 703 2835 a
714 2793 773 2854 pao
786 2774 906 2853 aliquid
916 2775 962 2853 fit.
977 2775 1088 2837 Causae
1102 2774 1247 2837 efficien-

157 2875 200 2936 tis
218 2873 351 2954 propria
366 2882 414 2935 est
427 2874 578 2945 aetinitas,
595 2890 652 2934 seu
665 2875 712 2933 eis
727 2872 854 2951 apertam
874 2889 931 2949 per
947 2873 1032 2934 hano
1047 2870 1135 2934 euim
1151 2890 1249 2935 eausa

157 2972 269 3035 influit
284 2973 318 3033 in
334 2970 484 3033 effectum
500 2970 705 3033 existentiam
723 2970 785 3049 ipsi
802 2961 992 3032 tribuendo.

198 3069 300 3149 Agere
315 3069 495 3148 generatim
510 3068 653 3130 dicimus
670 3066 704 3128 id
722 3085 831 3142 omne,
849 3086 915 3147 quo
931 3068 1248 3144 intervenienteati-

155 3187 221 3249 qua
236 3168 354 3230 accidit
378 3167 524 3239 mutatio,
541 3185 598 3228 seu
615 3166 648 3228 id
665 3184 763 3230 omne
779 3166 866 3246 quod
889 3158 986 3228 efficit
1003 3178 1038 3229 ut
1052 3168 1094 3228 sit
1118 3167 1245 3248 aliquid

154 3266 244 3348 quod
263 3266 354 3345 prius
370 3282 437 3327 non
453 3275 533 3326 erat.
549 3265 705 3327 Aetivitas
721 3265 821 3344 igitur
835 3273 882 3325 est
893 3265 926 3325 id
937 3283 995 3345 qua
1009 3280 1104 3326 cansa
1117 3265 1246 3346 efficiam

151 3365 340 3427 mutationes
353 3364 484 3425 inducit.
502 3364 585 3426 Hine
599 3363 790 3425 Aristoteles
806 3361 999 3470 efficienbem
1016 3380 1145 3425 eausam
1163 3363 1244 3426 uen-

154 3465 237 3527 nivit
253 3483 260 3524 :
275 3462 465 3542 principiam
488 3463 569 3523 unde
595 3463 696 3541 mimo
719 3470 816 3523 metus
831 3465 881 3540 (r),
898 3475 1016 3540 nempe
1038 3463 1189 3526 mutatio.
1207 3462 1244 3524 ln
1293 3495 1310 3514 ι

151 3562 326 3625 activitatis
341 3571 448 3621 autem
466 3559 622 3621 exercitio
638 3559 760 3621 dicitur
781 3568 866 3620 actas
892 3559 1011 3638 primus
1025 3569 1158 3621 remotus
1174 3561 1243 3641 ipsa

152 3662 201 3723 vis
216 3660 332 3740 agendi
352 3676 359 3722 ε
376 3666 463 3720 aetus
489 3660 610 3738 primns
635 3660 799 3737 monimus
828 3658 941 3720 eadem
971 3659 1031 3734 vis,
1054 3677 1156 3738 quum
1185 3661 1243 3722 ad-

152 3770 230 3822 sunt
250 3762 360 3822 omnia
383 3775 455 3837 quae
477 3757 517 3819 ad
547 3758 709 3836 agendum
739 3758 954 3837 requiruntur
971 3774 979 3820 τ
997 3758 1128 3819 medem
1157 3768 1243 3822 aetus

147 3861 301 3921 secundas
332 3859 441 3937 ipsum
469 3857 642 3919 activitatis
670 3858 875 3920 exercitium.
901 3859 968 3920 lloc
996 3859 1120 3920 actuale
1150 3876 1242 3921 eter-

178 4008 212 4061 n)
229 4006 250 4051 n
263 4004 334 4063 eryt.
347 4012 406 4050 ren.
418 4005 454 4050 ee.
