2792 4600
179 355 242 417 tab
680 371 779 415 rnucx.

255 487 296 543 Ad
319 488 510 560 crystallorum
537 486 651 571 figuram
665 483 855 555 explicandam
870 482 971 539 sutton
985 483 1119 554 regularis
1133 498 1192 539 mo·

256 561 407 617 lecularum
422 562 618 633 integranttum
632 558 798 631 sigum-quae
808 566 836 612 ct
845 573 880 611 ex
889 557 1130 613 obseruationibus
1143 557 1193 613 de·

257 634 412 691 ducitur-ct
423 631 705 702 rationibnsapriori
719 631 934 686 demonstratur.
1013 672 1020 686 .
1099 672 1106 685 .
1185 631 1271 688 ,263

179 707 249 763 Aur.
262 709 297 764 ll.
312 714 349 763 Dc
361 713 537 774 crystallorum
550 710 636 773 praeci
648 710 761 771 qrroeatio.
778 703 819 759 bn
833 704 870 759 sit
882 704 973 774 aliqua
987 704 1029 759 ris
1043 720 1093 759 seu
1106 703 1194 760 forma

256 791 357 854 praeter
369 781 541 837 attractionis
554 781 638 845 vires,
653 779 687 833 ad
702 779 895 851 crystallorum
908 777 1033 850 genesim
1052 778 1195 847 explican-

176 875 183 886 ·
256 857 319 912 dam
331 856 497 911 necessaria.
514 854 664 909 Diversitas
677 853 736 908 sire
749 852 920 907 attractionis
934 853 992 907 sire
1004 850 1100 925 figurae
1110 853 1194 908 mole-

256 930 381 986 cularum
404 927 598 1001 integrautium
619 926 646 980 iu
667 925 786 981 dirersis
806 925 969 995 corporibus
989 927 1057 981 satis
1077 926 1196 995 explicat

257 1004 383 1060 diversos
396 1002 586 1075 crystallorum
600 1009 689 1072 typos.
698 1000 933 1072 Dymorpbysmus
943 998 1024 1054 asela
1034 999 1196 1056 attractione

257 1078 345 1148 repeti
359 1085 459 1147 potest,
480 1085 508 1130 et
522 1075 549 1128 in
563 1073 784 1129 aduersariorum
798 1073 945 1144 hypothesi
959 1071 1050 1127 eradit
1076 1073 1196 1144 inexpli-

257 1151 365 1208 cabilis.
391 1149 503 1222 Objecta
525 1147 718 1220 crystallorum
733 1147 913 1216 phaenomena
927 1146 1031 1200 nullam
1045 1146 1126 1201 aliam
1141 1145 1195 1202 rim

259 1234 360 1296 praeter
383 1223 574 1279 attractionem
600 1221 756 1291 requirnnt.
773 1220 1017 1284 recurrerentur
1035 1229 1074 1274 ert
1099 1225 1194 1287 opinio,

257 1315 312 1366 que
328 1301 505 1364 crystallorum
517 1299 627 1362 praesim
640 1298 733 1360 repetit
746 1310 762 1346 n
781 1297 806 1347 ui
818 1297 925 1359 quadam
937 1297 1045 1358 simplici
1057 1298 1196 1358 superioris

258 1375 365 1435 ordinis,
376 1388 421 1425 scu
432 1373 538 1438 tusorum
551 1369 716 1422 substantiali
720 1370 900 1433 peripatetico,
915 1382 970 1433 quta
983 1371 1049 1420 niret
1062 1373 1196 1422 333133313-

258 1461 299 1499 rea
310 1452 382 1511 repat
395 1461 424 1497 rc
436 1445 487 1497 sibi
499 1447 656 1506 subordinat,
671 1450 696 1494 et
710 1446 743 1494 ud
756 1446 950 1495 determinatum
963 1445 1075 1506 effectum
1089 1458 1197 1495 concur·

259 1536 316 1573 rere
329 1517 538 1588 sociotTriplex
549 1517 712 1586 modusque
726 1514 785 1570 luen
800 1515 958 1601 bypotbesis
966 1514 1082 1586 proponi
1096 1524 1195 1584 potest.

259 1592 430 1662 Quocunque
443 1592 524 1645 modo
539 1589 720 1660 intelligatur,
732 1604 763 1643 ea
777 1598 804 1644 et
817 1587 989 1644 insufficiens
999 1597 1042 1644 est
1051 1589 1085 1644 ad
1099 1589 1197 1645 linem·

259 1675 287 1722 et
297 1665 392 1721 multis
406 1665 567 1738 intrinsecis
581 1664 687 1720 laborat
697 1662 852 1719 defectibus
929 1703 936 1717 .
1015 1701 1023 1717 .
1102 1703 1108 1718 .
1188 1664 1275 1720 ,aba

419 1752 532 1803 CAPUT
551 1752 581 1802 V.
599 1751 1053 1802 933333333333333133333333.

184 1837 253 1892 Aur.
268 1835 289 1890 l.
303 1837 468 1890 Enumeratio
490 1850 520 1887 cc
539 1837 639 1887 divisio.
662 1832 806 1888 Generalis
828 1834 1026 1902 proprietatnm
1052 1847 1198 1902 corporum

259 1908 371 1980 partitio
381 1908 459 1978 juxta
473 1906 742 1977 ueteres-qualitates
756 1906 853 1976 primae
870 1917 897 1960 et
911 1905 1200 1962 secundm-sensibiles

260 1992 289 2038 et
312 1983 437 2037 occultae.
453 1980 619 2036 Earumdem
633 1980 744 2050 partitio
756 1982 832 2051 iuxta
846 1978 1001 2035 Cartesinm
1014 1988 1042 2036 et
1055 1979 1197 2035 bdelium.

261 2054 329 2123 Quae
347 2055 403 2111 siut
425 2055 607 2125 proprietates
632 2069 778 2123 corporum
802 2055 946 2127 generales
959 2063 987 2112 et
1000 2053 1199 2124 speciales-seu

260 2127 617 2200 primaeetsecuudaequae
631 2127 778 2183 mutabiles
794 2127 941 2198 qualitates
1017 2167 1025 2182 .
1102 2168 1111 2183 .
1190 2127 1276 2183 ‚att
1375 2140 1386 2158 ·

185 2203 255 2260 Aur.
273 2203 308 2270 ll.
323 2207 360 2256 bc
382 2205 530 2256 extensione
550 2217 693 2267 corporum.
708 2199 781 2268 Quid
795 2201 831 2256 sit
843 2200 1085 2271 extensio-triplex
1106 2210 1202 2256 exten·

261 2277 349 2334 sionis
375 2275 543 2347 explicanda
563 2276 642 2331 ratio.
658 2275 791 2331 Extensio
810 2274 1000 2346 aptitudinalis
1022 2285 1050 2331 et
1072 2276 1198 2332 actualis.

261 2353 344 2408 Puer.
360 2350 381 2405 l.
394 2354 516 2404 Eatcnrio
529 2366 658 2416 corporum
668 2354 775 2415 propriu
787 2354 839 2404 sito
851 2367 902 2404 333
914 2359 952 2404 ert
965 2353 993 2403 in
1006 2365 1076 2403 mera
1086 2355 1201 2415 portium

260 2428 432 2479 distinctione.
449 2424 530 2479 Puer.
538 2423 574 2477 ll.
589 2427 678 2477 Merito
691 2432 789 2478 emeret
801 2428 903 2491 meent,
911 2428 1085 2479 retentionem
1097 2429 1202 2478 localem

262 2503 386 2553 actualem
395 2514 441 2551 uec
446 2501 575 2562 proprium
588 2513 721 2561 cornorum
734 2501 908 2552 extentionem
920 2514 985 2563 ease,
999 2514 1045 2552 nec
1057 2515 1073 2552 o
1086 2501 1200 2563 mmeri-

261 2577 308 2627 333
321 2575 528 2637 inreparabilem.
542 2570 571 2625 ld
584 2570 665 2626 abde
678 2570 821 2637 doeemur,
834 2581 862 2626 et
874 2571 902 2627 id
916 2572 1049 2642 possibile
1063 2587 1126 2628 esse
1136 2571 1200 2642 pbi-

262 2645 405 2715 losopbice
430 2645 595 2700 ostenditur.
620 2644 703 2698 Puor.
725 2645 871 2711 illiterata
890 2649 918 2698 in
940 2648 1088 2700 extensione
1112 2647 1199 2713 locali,
1290 2647 1293 2653 '

263 2736 337 2786 quum
347 2722 540 2784 aptitudinctem
549 2722 648 2781 dicunt,
659 2721 765 2782 propria
775 2722 932 2773 retrusionis
940 2723 1138 2784 corporeoercn'o
1150 2723 1200 2774 ritu

262 2801 309 2847 cst.
325 2791 460 2847 Probatur
479 2800 534 2845 tam
547 2790 581 2846 de
595 2791 770 2860 corporibus,
784 2792 913 2861 quamde
925 2793 1035 2848 atomis.
1057 2792 1139 2848 Pron.
1155 2793 1199 2848 tv.

262 2869 386 2922 Eatenrt'c
403 2880 532 2928 corporum
552 2868 658 2929 propria
683 2869 832 2919 coratinuctc
853 2871 969 2930 portium
992 2870 1070 2933 serie,
1084 2869 1201 2920 uidelicet

263 2948 402 2995 crunnum
414 2942 508 2992 ordine
521 2945 546 2999 et
559 2944 715 2991 mnneaionc
727 2942 883 2994 continetur.
907 2939 1058 2996 Deducitur
1080 2955 1115 2995 ex
1128 2954 1200 3010 prae·

263 3011 420 3069 cedentium
434 3010 595 3080 opinionum
611 3011 781 3067 exclusione.
803 3012 966 3083 Huiusmodi
979 3012 1103 3068 extensio
1116 3024 1159 3069 est
1172 3013 1201 3068 iu

263 3100 379 3157 corpore
395 3085 521 3139 absolute
544 3095 666 3155 spectato
679 3095 707 3140 et
720 3085 872 3142 secuudum
888 3102 928 3151 se,
949 3094 978 3141 et
999 3086 1200 3154 extensionem,

262 3175 325 3233 qnae
335 3170 378 3214 est
390 3173 440 3229 per
449 3158 574 3214 ordinem
585 3158 619 3213 ad
630 3159 732 3224 locum,
742 3159 1149 3230 necessariopraecedit-eadem
1159 3169 1202 3215 est

263 3233 343 3290 radix
355 3232 505 3303 primarum
519 3232 679 3302 quantitatis
693 3232 901 3303 proprietatum.
911 3232 1066 3303 Oby'ectioni
1079 3233 1111 3288 lit
1121 3233 1199 3289 satis.
1222 3236 1280 3291 att

188 3312 259 3368 Aur.
270 3307 318 3364 lll.
334 3310 371 3359 De
383 3310 529 3359 catenatione
542 3307 667 3377 continui.
683 3305 755 3373 Quid
781 3307 819 3362 sit
840 3307 1201 3379 continuitas-contiguitate·

264 3379 625 3449 continuum-compositum
648 3395 683 3434 ex
705 3378 1021 3453 contiguis-continuum
1035 3396 1202 3452 permanens

264 3464 293 3511 et
315 3452 514 3508 successivum.
540 3453 636 3508 Partes
660 3453 786 3508 continui
806 3453 945 3524 aliquotae,
963 3454 1122 3525 aliquantae,
1136 3471 1201 3526 pro-

264 3526 443 3600 portionales.
459 3525 565 3595 Duplex
579 3526 807 3598 pbilosophorum
820 3528 913 3597 opinio
930 3528 1004 3583 cirta
1017 3529 1125 3584 extensi
1137 3544 1203 3586 cun·

264 3600 335 3659 tinui
349 3598 573 3655 constitutionem
586 3609 614 3656 et
626 3600 855 3656 divisibilitatem.
871 3601 946 3657 Puor
976 3602 998 3657 l.
1014 3601 1142 3658 Continuo
1153 3618 1202 3657 cn-

264 3678 346 3730 tcntio
359 3689 408 3726 non
422 3677 579 3737 componitur
598 3689 632 3727 car
652 3673 861 3738 indivisibiliter,
875 3679 920 3728 reri
932 3678 1059 3741 interram
1080 3679 1203 3742 quoddam

264 3759 301 3806 eet
324 3752 352 3801 in
373 3755 462 3812 partes
474 3762 572 3811 semper
597 3749 732 3800 continetur
744 3749 801 3801 rinc
818 3752 871 3812 tine
892 3752 1029 3803 divisibile.
1045 3748 1125 3804 Prior
1138 3765 1203 3820 pars

242 3885 245 3891 ,
264 3822 398 3896 probatur
411 3835 445 3875 ex
458 3820 586 3891 pluribus
608 3820 840 3876 absurdis-altera
860 3836 894 3876 ex
917 3822 1003 3892 priori
1016 3821 1204 3880 deducitur-et

264 3893 443 3955 confirmatur
468 3903 630 3966 argumento
653 3910 688 3948 ex
714 3894 864 3968 geometria
889 3890 1141 3968 deprompto-quod
1167 3899 1203 3954 ab

226 3982 231 3993 '
265 3966 486 4026 adversariorum
503 3966 713 4038 exceptionibus
735 3967 902 4024 defenditur.
919 3968 1086 4025 Continuam
1108 3971 1205 4042 nequit

264 4060 299 4098 ex
310 4038 426 4096 infinitis
439 4040 551 4112 punctis
563 4041 730 4098 coalescere.
742 4041 840 4098 Partes
852 4041 882 4096 iu
895 4044 1027 4101 continuo
1037 4052 1103 4101 sunt
1112 4047 1203 4101 solum
