2792 4600
393 425 519 471 0n1sna
539 425 660 485 ruiana,
683 426 776 473 carun
796 429 837 477 vr.
1121 408 1182 475 309

96 551 162 615 quo
181 536 319 603 eadam:
343 539 489 618 negativa
505 542 687 604 seeundum
708 560 746 605 ea
761 561 834 623 qnae
849 544 982 607 veniunt
998 546 1033 607 ia
1045 537 1181 624 'obliqua

93 651 170 715 qnae
184 643 260 698 sunt
274 635 402 710 relatio,
420 645 451 700 et
463 638 601 718 privatio
617 640 696 718 ejus.
715 641 785 703 lluo
800 640 900 721 igitur
915 641 1000 704 redit
1012 640 1181 704 distinctio

76 740 78 743 ’
94 732 194 795 realis
209 733 362 799 modalis.

136 832 210 896 225.
234 831 342 897 Facile
358 851 447 897 nnnc
461 835 565 897 solves
580 853 653 916 quae
667 835 769 918 objici
781 837 904 913 solent3
921 837 1072 901 videlieet
1088 861 1098 902 ε

128 932 171 995 l·
191 930 328 995 Videtur
341 942 455 997 eontra
469 951 602 997 sensum
617 952 827 998 communem
843 927 980 999 assertio
995 936 1066 998 baeo
1081 952 1090 1000 t
1106 952 1179 998 mu·

91 1030 236 1096 tationes
262 1031 332 1096 tleri
350 1032 464 1107 reales,
483 1034 565 1114 quin
585 1034 712 1115 aliquid
729 1034 815 1097 reale
830 1034 960 1098 accedat
976 1036 1015 1094 all
1032 1033 1180 1096 substan·

94 1128 543 1205 mmwwmfflmm

135 1226 170 1289 2⁰
192 1227 269 1302 Quas
281 1230 424 1311 separari
437 1238 585 1311 possunt,
599 1230 731 1294 realiter
746 1230 1004 1312 distinguuntur.
1018 1228 1105 1292 blodi
1122 1244 1179 1290 au·

94 1333 192 1390 teme
207 1327 387 1391 substantia
403 1328 546 1409 separari
562 1338 712 1410 possunt.

132 1426 168 1489 ὅθ
190 1424 316 1506 Corpus
329 1443 395 1489 non
410 1435 458 1489 est
473 1445 531 1490 sua
547 1426 649 1508 figura
664 1437 719 1491 aut
732 1445 810 1492 suus
827 1436 946 1491 motus.
963 1426 1060 1507 llrgo.

134 1524 169 1587 4⁰
190 1525 223 1589 Si
240 1543 321 1588 oerae
336 1545 366 1590 v.
383 1544 431 1606 gr.
449 1527 634 1590 rotunditas
647 1527 732 1589 nibil
746 1537 793 1590 est
806 1537 922 1608 praeter
933 1545 1016 1590 aeras
1028 1524 1179 1587 substan·

91 1624 185 1701 tiam,
202 1625 362 1706 quamdiu
387 1643 460 1688 cera
486 1626 613 1704 existat,
640 1628 756 1690 existet
774 1627 873 1689 etiam
895 1627 966 1688 baee
980 1622 1176 1696 rotunditas,

93 1724 193 1787 etiam
207 1743 310 1805 quum
325 1743 398 1787 cera
413 1726 619 1805 complanata
631 1724 749 1801 luerit3
763 1726 912 1806 quodost
927 1722 1106 1786 absurdum
1123 1738 1131 1785 :
1150 1719 1177 1782 si

92 1841 171 1887 vero
186 1823 371 1887 rotunditas
385 1824 511 1905 aliquid
528 1835 577 1887 est
592 1834 707 1906 praeter
722 1843 803 1887 oerae
818 1822 1046 1898 substantiam,
1060 1830 1108 1883 est
1119 1818 1178 1882 ali-

91 1941 160 2005 qua
175 1924 305 1987 realitas
320 1924 430 1986 addita
445 1924 646 1989 substantia.
662 1925 757 2005 Ergo.

135 2021 210 2087 224.
239 2021 287 2085 Ad
310 2023 348 2084 lm
369 2024 467 2104 Resp.
492 2024 521 2085 l·
543 2024 612 2087 lloo
644 2032 873 2103 argumentum
901 2019 1041 2102 probare
1062 2015 1176 2079 nimis.

94 2119 216 2186 Probat
231 2121 333 2197 enim,
356 2140 409 2183 eas
425 2140 556 2202 quoque
580 2121 776 2184 mutationes
791 2139 863 2201 quae
878 2137 895 2180 a
913 2119 1079 2199 plerisque
1094 2122 1179 2177 vote·

7 2239 8 2242 ¹
92 2219 187 2283 ribus
205 2219 410 2284 habebantur
426 2232 461 2284 ut
479 2220 566 2284 modi
582 2219 677 2301 (tlt),
695 2237 765 2283 esse
780 2220 942 2282 realitates
958 2235 975 2278 a
997 2212 1178 2278 substantia

92 2319 276 2383 distinctas.
291 2319 327 2382 ld
344 2321 431 2402 quod
444 2330 476 2383 et
491 2320 617 2384 veritati
630 2331 661 2384 et
672 2321 782 2384 sensui
795 2317 962 2384 communi
976 2313 1178 2380 eontrarium
1297 2351 1300 2373 2

92 2426 151 2483 est.
170 2420 295 2494 Quotus
311 2421 399 2481 enim
412 2419 554 2502 quisque
565 2419 760 2501 reperiatur,
774 2418 832 2499 qui
844 2417 1016 2492 existimet,
1033 2412 1178 2494 aliquam

7 2508 8 2591 s
92 2517 275 2580 realitatem
292 2517 482 2581 incubuisse
497 2518 582 2580 mibi
604 2518 682 2598 quia
697 2519 809 2583 Romu
823 2534 908 2592 sam,
926 2531 1024 2597 quam
1043 2530 1108 2576 non
1123 2511 1178 2573 ba·

7 2626 8 2701 }
91 2615 205 2678 berem
219 2616 246 2678 si
263 2616 342 2679 alibi
358 2619 482 2680 essem?

7 2782 8 2793 ,
71 2718 78 2727 ’
134 2717 233 2795 Resp.
250 2714 375 2780 aaut
392 2716 579 2779 absurdum
592 2725 651 2792 ast,
665 2715 736 2778 fieri
751 2714 948 2778 mutationes
964 2712 1079 2785 reales,
1096 2708 1178 2790 quin

7 2804 8 2837 ³
92 2830 168 2878 vere
183 2813 316 2877 accedat
330 2814 368 2876 ad
386 2814 599 2877 substantiam
615 2814 663 2876 val
680 2814 824 2877 discedat
838 2821 892 2875 aut
907 2811 971 2874 alia
986 2807 1179 2883 substantia,

93 2919 149 2975 aut
171 2912 282 2993 aliqua
305 2911 430 2985 relatio,
453 2930 559 2988 oooo.,·
583 2912 664 2992 quin
682 2911 814 2974 aooedat
828 2911 878 2973 vel
901 2908 1047 2972 discedat
1068 2906 1179 2987 aliqua

93 3010 226 3074 realitas
238 3008 462 3084 accidentalis,
475 3028 562 3090 nepo.

7 3094 9 3137 ³
133 3108 209 3172 225.
234 3107 338 3173 adtm
354 3107 432 3170 bist.
457 3107 711 3188 Distinguuntur
736 3108 950 3171 distinetione
979 3104 1136 3169 realitatis
1161 3119 1180 3164 a

93 3208 253 3282 realitate,
276 3208 325 3270 vel
342 3206 553 3270 distinetione
567 3207 725 3270 realitatis
740 3225 758 3270 a
773 3206 872 3271 modo
887 3203 1056 3279 realitatis,
1073 3220 1178 3278 sonu,

92 3314 221 3371 tantum
237 3307 349 3390 priora
364 3306 588 3384 distinetione,
603 3326 692 3389 sepo.
1022 3326 1025 3333 ·

135 3405 186 3470 Ad
198 3408 240 3470 δ”)
256 3406 334 3468 Dist.
349 3406 473 3486 Corpus
489 3423 555 3469 non
571 3415 618 3470 est
633 3425 692 3469 sua
707 3406 821 3486 figura,
838 3413 998 3487 quatenus
1015 3403 1088 3466 idea
1100 3401 1180 3483 ligu-

95 3524 139 3572 rae
154 3508 229 3570 talis
244 3507 396 3571 convenit
409 3507 560 3587 pluribus
572 3506 779 3588 corporibus,
793 3514 825 3569 et
835 3523 903 3570 non
915 3513 964 3569 est
974 3505 1118 3568 materia
1129 3521 1179 3566 es·

94 3604 255 3680 sentialis,
279 3622 384 3680 cono.,·
412 3611 572 3685 qnatenus
597 3604 728 3667 realitas
749 3603 859 3684 figurae
881 3621 947 3667 non
963 3603 1005 3665 sit
1021 3604 1092 3683 ipsa
1107 3620 1177 3664 roa·

94 3703 170 3766 litas
184 3704 346 3785 corporis,
363 3722 451 3785 saepo.

134 3802 184 3866 Ad
200 3803 242 3865 4ἴα
263 3803 343 3868 Dist.
368 3806 408 3867 lm
426 3812 568 3885 portem.-
590 3801 618 3865 si
641 3819 724 3865 eerae
746 3800 930 3865 rotunditas
952 3818 1019 3865 non
1042 3809 1090 3864 est
1113 3800 1180 3864 ulla

7 3900 8 3923 ³
93 3902 225 3965 realitas
252 3910 368 3985 praeter
393 3921 475 3965 eerae
500 3901 728 3976 substantiam,
757 3908 789 3963 at
804 3918 870 3964 non
893 3908 942 3962 est
955 3900 1071 3963 relatio
1095 3899 1181 3963 inter

92 3998 411 4081 substantiaepartes,
420 4019 524 4077 oouo.;
537 4000 564 4062 si
577 4008 625 4063 est
636 3998 753 4062 relatio
766 3998 852 4060 inter
863 3997 1051 4061 substantiae
1060 4007 1178 4082 partes,

91 4099 252 4180 quamdiu
265 4109 374 4163 manet
385 4118 469 4178 esra,
485 4097 630 4163 manebit
641 4115 774 4179 quoque
786 4095 981 4173 rotunditas,
994 4097 1137 4173 subdita,
1151 4096 1179 4159 si
