2792 4600
176 310 216 374 18
643 318 815 364 cunctosin.

175 456 295 528 tiones,
312 453 339 514 si
356 450 493 513 diversis
509 449 715 531 temporibus
730 460 969 530 supponantur,
984 446 1108 509 nullam
1121 447 1264 510 offerunt

178 551 485 617 contradictionem.
502 549 725 613 contradictio
752 562 829 610 tunc
850 550 958 610 solutu
985 546 1140 625 exsurgit,
1158 563 1261 626 quum

179 647 254 731 'quis
278 648 442 729 supponat
459 666 556 709 unam
573 649 786 725 eamdemque
811 663 878 706 reru
896 644 1090 706 differentiis
1106 643 1262 705 determi-

179 759 287 809 natam
317 746 583 808 contradictoriis
610 744 725 806 eodem
756 754 920 823 tempore;
951 742 1108 822 angulum
1134 760 1184 804 et.
1211 760 1262 822 gr.

178 847 295 908 eodem
313 857 459 924 tempore
474 844 604 904 acutum
621 853 652 902 el
671 860 736 902 uon
753 850 895 912 acutum,
913 841 1034 902 animal
1051 840 1166 902 eodem
1182 849 1264 903 tem·

180 964 261 1026 pore
274 946 431 1006 rationale
444 957 475 1004 et
490 942 691 1016 irrationale,
708 952 770 1006 etc.

220 1043 274 1108 35.
298 1045 389 1107 Tunc
404 1042 511 1105 solum
526 1041 791 1103 simultaueitatis
807 1040 899 1101 notio
914 1040 952 1102 ad
970 1038 1263 1102 contradictionem

178 1142 441 1204 constitue-udam
470 1141 680 1201 memoranda
703 1144 769 1199 uon
786 1149 844 1211 est,
861 1156 963 1218 quum
979 1141 1116 1197 alterum
1132 1153 1168 1197 ex
1185 1153 1264 1197 con·

120 1232 123 1235 ¹
181 1240 382 1303 tradictoriis
407 1237 591 1318 praedicatis
602 1239 640 1308 iu
658 1237 794 1316 subjecti
811 1247 951 1296 essentia
973 1235 1125 1314 explicite
1140 1234 1189 1295 vel
1206 1234 1265 1294 im·

182 1338 284 1418 plicia
308 1336 505 1398 continetur.
523 1334 613 1396 'lunc
628 1333 717 1394 euim
741 1334 922 1412 subjectum
938 1333 1104 1394 uecmsurio
1124 1333 1187 1393 tale
1203 1344 1263 1405 ast,

181 1455 242 1498 nec
258 1446 361 1516 potest
387 1451 531 1513 unquam
547 1434 642 1493 aliter
663 1450 733 1493 esse
749 1434 795 1505 tt,
813 1431 897 1508 535).
915 1431 995 1492 lude
1017 1430 1051 1492 fit
1069 1443 1103 1492 ut
1118 1432 1265 1492 dicamus

90 1612 92 1617 y
181 1536 252 1597 siue
270 1535 334 1594 ulla
361 1533 517 1612 temporis
533 1533 655 1609 adjecta
681 1530 894 1592 conditione:
912 1530 1051 1609 angulus
1067 1538 1179 1590 acutus
1196 1546 1262 1590 nort

181 1643 373 1714 potestesse
390 1650 455 1693 uon
472 1629 732 1705 acutus3auimal
747 1646 811 1691 non
824 1637 1007 1710 potestesse
1018 1628 1262 1704 insensitivutn3

182 1731 359 1795 etsimilia.

223 1832 271 1894 Ad
300 1831 388 1889 ltuttc
404 1826 630 1890 tantummodo
656 1844 767 1889 casum
795 1828 935 1907 pertinet
950 1826 1152 1907 principium
1180 1823 1264 1886 illud

184 1927 291 1989 Kantii
307 1946 313 1987 :
327 1928 530 2006 predicatum
554 1926 633 2004 quod
646 1925 691 1984 rei
716 1933 878 2004 repupttct,
894 1924 944 1985 itti
968 1943 1033 1984 nott
1057 1923 1199 1984 conuertit
1214 1925 1263 2001 (a),

184 2026 272 2105 quod
301 2024 502 2105 principium
529 2023 801 2084 contradictionis
831 2024 997 2103 principio
1023 2020 1264 2102 surrogandum

185 2139 357 2203 perperam
373 2119 508 2181 liautius
523 2120 720 2181 existimavit
734 2123 783 2198 (a).

608 2283 777 2331 surrectus
798 2285 841 2331 vt.

373 2403 384 2426 “
401 2400 564 2480 Principio
577 2402 612 2461 de
625 2410 692 2463 ente
706 2403 787 2462 iuter
801 2421 831 2463 te
843 2411 1076 2483 computantur.

225 2534 276 2597 36.
301 2532 483 2596 Paoeostrto
499 2535 550 2597 lV.
567 2534 766 2615 Principium
791 2537 1053 2610 contradictionis,
1081 2544 1109 2597 et
1131 2536 1269 2617 primum

180 2634 372 2715 principium
394 2635 473 2712 quod
494 2651 533 2694 eu
556 2633 633 2693 eutis
657 2635 780 2694 notione
800 2635 977 2713 efflorescat,
1004 2646 1031 2696 et
1045 2635 1155 2722 primo
1182 2637 1268 2716 offir-

184 2735 280 2794 mott'o
294 2741 347 2794 est.

227 2831 300 2892 Tria
317 2827 480 2907 principia
501 2845 600 2907 supra
616 2827 777 2890 declarata
795 2829 995 2892 diversarum
1012 2830 1146 2897 infantis
1163 2829 1270 2893 ideam

185 2930 399 2993 rellertiouum
416 2931 564 2993 ellectum
579 2930 778 3010 exprimunt.
797 2930 904 2994 Potest
921 2949 1030 2993 autem
1046 2932 1116 2994 fieri
1133 2934 1271 3019 quteptio

185 3030 227 3090 de
242 3031 359 3091 ordine
373 3029 591 3090 successionis
613 3048 651 3090 ac
666 3032 904 3109 dependendae,
922 3049 988 3111 quo
1016 3033 1205 3111 hujusmodi
1221 3052 1272 3104 re,-
1299 3055 1300 3058 ¹

186 3126 340 3188 flexiones
355 3139 386 3186 et
402 3128 566 3207 principia
591 3129 862 3192 subordinantur.
881 3128 918 3190 Et
932 3148 993 3209 ego
1017 3133 1154 3211 quidem
1177 3131 1272 3197 lacile

185 3227 374 3300 concedam,
391 3226 426 3286 in
437 3227 806 3307 ordineoppreltensiortis
821 3229 964 3307 primum
981 3249 1051 3291 esse
1067 3232 1270 3312 principium

186 3324 378 3399 identitatis,
400 3327 556 3406 subsequi
583 3327 786 3406 principium
812 3329 1094 3407 contradictionis,
1111 3349 1149 3393 ac
1175 3334 1271 3398 tertio

185 3425 388 3504 principium
405 3428 526 3486 exclusi
544 3425 657 3486 medii.
674 3425 736 3485 Sed
754 3425 788 3486 in
799 3413 1130 3508 ordiueaffirmotiortis
1141 3439 1172 3492 ot
1184 3430 1273 3509 J'udi·

186 3523 228 3583 cii
247 3523 430 3600 priuctpem
446 3522 571 3585 obtinet
585 3527 692 3585 locum
703 3524 1199 3605 principiumcontradictionis:
1213 3529 1272 3594 illo

163 3655 168 3666 ·
186 3639 275 3682 enim
292 3640 358 3681 uon
374 3622 558 3701 supposito,
575 3640 635 3683 nec
647 3626 790 3703 primum
805 3642 864 3686 nec
877 3625 1009 3687 tertium
1021 3626 1182 3708 judicium
1196 3646 1271 3709 pro·

187 3720 258 3781 dire
284 3733 427 3800 possent.
443 3721 482 3785 Et
508 3722 614 3800 quoad
643 3723 845 3803 principium
874 3725 993 3787 exclusi
1023 3726 1136 3802 medii,
1154 3745 1206 3789 res
1226 3739 1275 3789 est

187 3816 379 3880 manifesta:
400 3818 462 3880 hoc
483 3836 572 3880 emm
599 3819 798 3900 principium
822 3822 926 3885 illatio
954 3823 1142 3886 immediata
1164 3835 1211 3888 est
1235 3844 1274 3888 ex

216 3949 247 4002 ll)
258 3947 312 4004 lup,
327 3946 423 3991 Trauos.
435 3947 486 3992 tto.
499 3947 569 4002 ll.,c.
580 3947 688 4003 ll.,sect.
701 3952 722 3993 l.

216 4023 248 4075 (²)
258 4018 293 4065 dl.
306 4021 357 4064 luc.
369 4022 464 4066 llalurcs
473 4021 521 4067 Fit.
529 4019 680 4077 fundament.
692 4023 743 4070 nin.
756 4025 785 4080 l.,
794 4031 816 4069 'c
828 4024 881 4072 xx.
