2792 4600
446 317 533 361 utura
555 316 716 373 sncunnns,
740 316 831 362 carus
852 318 882 364 v.
1138 300 1198 362 159

116 449 209 512 posse
223 431 417 494 attributum
433 430 473 492 de
488 431 635 509 subjecto
650 431 813 506 affirmari,
832 431 896 492 nisi
912 431 996 493 adsit
1012 431 1094 495 ratio
1110 432 1198 507 suffi-

112 531 202 592 ciens
216 530 461 608 conjunctionis
473 547 599 593 eorum.

151 630 237 715 Ergo
245 628 301 709 qui
315 629 385 692 vult
396 629 619 691 demonstrare
631 629 834 711 principium
846 630 983 693 rationis
993 629 1195 704 sufficientis,

112 736 266 806 tanquam
281 735 405 789 certum
422 728 522 788 sumit
536 727 737 808 principium
753 728 890 790 rationis
905 727 1108 791 sufficientis.

151 841 249 921 Resp.
268 843 300 902 l⁰
315 841 546 905 Adversarium
565 843 618 903 hio
640 843 818 922 subrogare
841 843 1042 924 principium
1059 843 1197 905 rationis

108 939 301 1001 sufficientis
329 939 494 1020 principio
520 941 729 1015 causalitatis,
747 941 974 1021 imprudenter
988 958 1029 1001 an
1045 959 1082 1003 ex
1099 940 1196 1003 indu·

109 1037 189 1098 stria
205 1039 329 1100 nescio.

148 1151 247 1230 Resp.
265 1151 296 1213 2⁰
311 1151 351 1213 ad
369 1151 549 1214 hominem.
567 1152 600 1215 Si
622 1152 824 1233 principium
847 1151 983 1215 rationis
1006 1152 1197 1215 sufficientis

111 1251 251 1314 inomni
267 1251 546 1315 demonstratione
564 1252 775 1332 supponitur,
787 1254 857 1337 *hoe
879 1253 952 1332 ipso
974 1252 1194 1314 certissimum

54 1377 56 1381 ¹
108 1358 166 1422 est,
185 1351 288 1430 etqui
307 1350 388 1412 illud
407 1361 500 1430 negat
515 1360 562 1413 est
575 1350 749 1430 scepticus.

148 1465 247 1546 Resp.
261 1467 297 1526 5⁰
315 1468 547 1548 retorquendo.
565 1469 597 1531 st
622 1467 813 1547 quicunque
827 1466 954 1546 aliquid
971 1466 1196 1529 demonstrare

109 1564 187 1638 ruit,
206 1568 269 1628 troc
285 1566 488 1646 principium
509 1575 663 1645 tanquam
680 1573 804 1628 certum
828 1565 975 1639 assumit,
993 1583 1070 1645 ergo
1084 1566 1196 1627 adver·

108 1664 212 1726 sarius
228 1682 360 1746 quoque
376 1674 486 1727 noster
503 1665 566 1726 hoc
582 1663 784 1744 principium
800 1663 897 1725 habet
912 1672 1066 1743 tanquam
1082 1663 1195 1724 certis·

108 1764 241 1840 simum,
259 1783 334 1826 nam
350 1775 380 1828 et
396 1765 465 1845 ipse
477 1764 603 1846 aliquid
621 1765 846 1826 demonstrare
857 1762 1055 1842 aggreditur.

145 1877 245 1956 Resp.
260 1880 294 1943 4ο
311 1878 501 1941 invertendo
519 1887 758 1957 argumentum.
773 1874 833 1946 Qui
851 1883 945 1955 negat
960 1874 1104 1956 aliquam
1120 1893 1195 1955 pro·

109 1976 318 2057 positionem,
335 1995 436 2058 quare
455 1995 526 2039 earn
547 1984 652 2056 negat,
670 1975 734 2043 nisi
761 1975 838 2055 qnia
864 1991 930 2037 non
946 1984 993 2038 est
1009 1974 1091 2036 ratio
1105 1972 1194 2036 suffi-

65 2070 67 2074 '
109 2074 195 2137 ciens
224 2093 284 2137 cur
313 2076 525 2157 predicatum
554 2093 594 2136 ne
623 2073 768 2153 subjecto
798 2071 995 2135 affirmetur?
1024 2073 1109 2149 Ergo
1135 2071 1192 2151 qui

108 2173 252 2252 aliquam
271 2174 530 2253 propositionem
546 2181 652 2252 negat,
667 2170 870 2251 principium
883 2170 1020 2234 rationis
1032 2168 1196 2233 sufficien-

110 2270 147 2333 tis
174 2281 332 2353 tanquam
363 2280 488 2335 certum
524 2270 672 2334 assumit.
699 2271 784 2351 Ergo
817 2258 874 2334 ilse
907 2270 977 2351 ipse
1009 2268 1066 2350 qui
1101 2275 1194 2349 negat

109 2370 310 2454 principium
342 2370 480 2433 rationis
513 2368 717 2446 sufficientis,
746 2379 901 2450 tanquam
929 2377 1054 2431 certum
1084 2367 1193 2447 ipsum

109 2470 256 2532 assumit.

145 2585 245 2663 Resp.
262 2584 294 2644 5ι
309 2583 443 2644 directe.
460 2581 537 2662 Nep.
553 2590 622 2644 ont.

146 2681 195 2743 Ad
224 2680 318 2759 prob.
339 2678 450 2742 Trans.
466 2678 542 2759 maj.
565 2678 700 2759 Distiog.
725 2677 764 2738 lm
783 2695 867 2740 cons.
888 2677 926 2739 tn
952 2676 1016 2746 hoq
1036 2675 1195 2755 supponit
1268 2747 1272 2756 ¹

109 2778 185 2858 quia
200 2778 368 2857 cognoscit
385 2777 518 2839 humani
536 2776 721 2839 intellectus
737 2775 961 2839 conditionem
987 2790 1024 2834 ae
1049 2772 1194 2834 scientiae

110 2885 269 2951 naturam,
285 2895 390 2950 cono.;
407 2886 437 2938 et
459 2880 521 2940 ltoc
535 2876 693 2956 supponit
714 2885 868 2955 tanquam
883 2872 1130 2936 conclusionem
1157 2889 1194 2934 cx

110 2975 274 3056 principio
300 2975 437 3036 rationis
462 2973 664 3047 sufficientis,
681 2992 770 3053 nepo.
788 2970 879 3034 Certe
901 2969 1136 3034 demonstratio
1159 2968 1193 3029 in

111 3073 170 3135 hoo
186 3082 252 3135 tota
274 3084 334 3149 est,
353 3080 386 3135 ut
400 3072 560 3135 rationem
575 3070 789 3134 sufficientem
805 3070 928 3145 afferat,
945 3085 1009 3149 qna
1024 3066 1193 3130 conclusio

110 3171 290 3260 suadeatur.
305 3167 367 3240 oui
380 3187 456 3249 ergo
468 3168 686 3231 demonstrari
699 3167 825 3246 aliquid
839 3183 934 3246 posse
946 3172 1048 3245 putat,
1063 3165 1090 3226 is
1103 3172 1194 3244 putat

110 3285 203 3348 posse
218 3269 288 3348 ejus
303 3267 350 3330 rei
368 3267 529 3330 rationem
554 3266 771 3328 sufficientem
786 3264 912 3341 afferri;
930 3277 962 3325 et
985 3263 1041 3343 qui
1058 3263 1192 3326 demon·

110 3348 297 3428 strationem
323 3365 415 3426 affert
441 3372 476 3426 ut
495 3364 638 3444 aliquem
652 3357 806 3437 suadeat,
824 3371 915 3443 putat
933 3379 1010 3423 sane
1026 3360 1192 3423 neminem

110 3463 236 3525 suaderi
252 3451 474 3526 sineretione.
492 3460 597 3533 Quare
619 3469 727 3525 autern
754 3461 797 3523 ita
822 3459 932 3541 putat?
958 3459 1062 3523 Habes
1085 3459 1118 3521 in
1141 3460 1191 3520 di·

111 3562 295 3625 stinotione.

149 3676 227 3738 Dor.
243 3676 285 3737 2²¹
297 3695 382 3739 cone.
398 3675 562 3756 Supponit
576 3686 731 3756 tanquam
745 3676 923 3756 generatim
940 3692 1052 3737 verum
1070 3672 1193 3753 princi·

113 3775 201 3854 pium
226 3775 364 3838 rationis
389 3775 591 3849 sufficientis,
608 3793 700 3856 reg,-
720 3775 878 3855 supponit
899 3776 961 3838 hoc
976 3792 1085 3849 sensu,
1103 3771 1192 3852 quod

113 3871 199 3933 novit
213 3871 500 3938 intellectumsine
516 3873 638 3935 motivo
662 3890 727 3935 non
752 3874 896 3954 praeberc
910 3888 1089 3944 assensum,
1103 3869 1192 3931 redd.

114 3970 194 4029 utin
217 3968 425 4033 distinctione
441 3971 615 4051 superiori.
