2792 4600
235 331 303 393 too
706 343 876 390 curassem.

121 522 125 531 ,
241 461 507 542 simplicissimos
533 458 635 520 animi
653 465 745 520 actus
770 460 952 532 renuntiat;
977 473 1041 520 ⁴uec
1065 476 1168 537 quum
1195 458 1324 520 cosdem

242 571 333 624 actus
350 558 577 639 intelligimus,
596 558 700 621 sulam
715 558 920 638 negationem
937 557 1155 637 concipimus.

283 659 433 722 Asssnno
455 657 506 721 lV.
531 655 678 735 Persectia
692 676 759 737 poa
777 673 814 719 ea
839 656 1054 736 compositione
1078 657 1188 731 enitar,
1205 656 1326 718 contin·
1364 730 1365 733 Ἴ

239 775 314 839 pens
334 764 376 817 est
397 755 479 834 (toi.
506 754 570 834 i⁰l;
584 774 650 836 qna
670 774 740 816 aero
761 773 831 817 cam
855 752 1046 835 simplicitate
1070 755 1217 829 sociatur,
1238 756 1329 816 etiam

243 875 312 918 cam
326 856 442 917 essendi
454 854 626 916 necessitate
636 858 733 934 potest
746 854 921 915 consistere..

283 955 356 1018 558.
381 953 584 1034 Compositio
609 953 675 1013 veri
694 951 838 1016 nominis
854 959 901 1012 est
917 969 989 1031 quaa
1003 952 1131 1031 physica
1155 951 1259 1028 audit,
1271 968 1329 1019 ,ea-

243 1072 307 1134 que
325 1064 402 1115 tuuc
418 1051 557 1114 hahetur
572 1070 673 1132 quum
688 1049 1003 1130 componentiasunt
1019 1050 1149 1113 realiter
1163 1050 1328 1113 distincta.

239 1150 306 1214 Sed
335 1159 452 1231 praeter
480 1149 649 1229 physicam
677 1147 952 1228 compositionem
982 1145 1140 1227 frequens
1164 1155 1211 1208 est
1240 1146 1330 1227 apud

241 1248 463 1326 Philosophus
478 1248 603 1309 mentio
629 1246 880 1326 compositionis
904 1246 1124 1325 metaphysicis,
1143 1264 1214 1325 quas
1231 1246 1331 1313 etiam

241 1345 351 1425 topica,
370 1344 470 1424 idque
486 1343 602 1406 melius
618 1344 700 1407 lorte
725 1361 762 1405 ac
783 1342 904 1404 clarius
921 1353 1140 1423 nuncupatur.
1158 1342 1213 1405 list
1239 1360 1333 1405 nam·

240 1460 306 1522 que
330 1449 395 1503 tota
420 1443 558 1504 rationis
582 1459 677 1521 opus,
694 1458 732 1503 ac
751 1442 973 1520 metaphorice
998 1442 1104 1503 solum
1131 1442 1335 1520 compositio
1364 1482 1365 1487 κ

241 1540 373 1601 dicitur.
391 1541 500 1602 Partes
515 1539 603 1601 enim
630 1558 667 1601 es
685 1539 807 1620 quihus
834 1541 903 1619 ipsa
918 1538 1095 1618 consurgit,
1113 1555 1179 1601 non
1207 1557 1254 1614 re,
1271 1539 1336 1601 sed
1364 1554 1365 1575 ³

241 1638 368 1700 ratione
381 1639 488 1700 solum
515 1639 776 1718 distinguuntur,
804 1639 878 1700 licet
891 1655 965 1700 cum
979 1638 1091 1718 aliquo
1114 1637 1337 1700 fundamento

242 1736 277 1796 in
293 1754 344 1812 re;
357 1754 423 1816 quo
440 1737 474 1797 fit
490 1747 524 1799 ut
537 1737 637 1797 altera
652 1754 689 1799 ex
707 1736 747 1797 iis
776 1736 923 1815 partibus
938 1725 1049 1815 aliquo
1064 1735 1163 1799 modo
1178 1735 1337 1798 conside·

240 1834 306 1895 rari
323 1836 426 1914 possit
440 1834 755 1897 ut'determinahilis
770 1844 801 1896 et
815 1835 848 1896 in
867 1836 1030 1915 potentia3
1047 1835 1147 1896 altera
1163 1845 1197 1896 ut
1219 1835 1334 1897 deter—

240 1932 370 1995 minans
386 1941 416 1995 et
427 1944 516 1995 actus
532 1934 632 2014 partis
649 1934 782 2013 primae3
798 1940 894 2012 atqua
911 1933 974 1994 hoc
991 1933 1223 2013 pactoquodre
1239 1950 1336 1995 com·
1364 1932 1365 1997 i

241 2031 383 2110 positum
401 2041 542 2106 nonest,
559 2031 598 2093 ad
616 2032 752 2094 modum
769 2032 942 2112 compositi
968 2051 1006 2093 ex
1018 2033 1152 2093 materia
1168 2051 1205 2094 ac
1221 2032 1337 2095 forma

239 2129 438 2209 concipitur.
558 2142 560 2145 ·

281 2226 475 2306 hujusmodi
493 2228 834 2308 suntcompositioncs
850 2238 1039 2309 expenereet
1053 2226 1333 2310 differentie(247;
1364 2284 1365 2295 2

240 2325 276 2389 L.
292 2325 344 2401 27,
361 2327 395 2387 5ο
406 2328 552 2404 (ὶοτοΙΙ.),
568 2347 606 2389 esc
625 2328 781 2408 supposita
796 2336 955 2390 cinctura
975 2326 1065 2405 (169,
1077 2328 1130 2405 8⁰),
1146 2348 1185 2390 ca
1198 2330 1338 2391 essentia

237 2434 270 2486 et
284 2444 346 2489 esse
361 2426 434 2504 (57),
452 2444 533 2505 quas
548 2444 662 2489 omues
673 2426 748 2490 alibi
763 2427 827 2506 jam
842 2445 902 2507 pro
917 2446 952 2488 re
966 2429 1220 2508 explanavimus.
1232 2431 1338 2491 Gom·
1364 2433 1365 2504 f

239 2523 361 2603 positio
372 2533 479 2585 aulem
495 2543 534 2585 ea
548 2524 676 2605 subjecto
691 2533 723 2587 et
736 2525 982 2587 denominatione
996 2527 1164 2587 catrinseca
1180 2526 1265 2604 llll,
1285 2527 1337 2603 2⁰)
1364 2531 1365 2554 ³

238 2622 290 2683 vix
308 2632 410 2702 potest
427 2623 663 2698 hucrevocari,
674 2631 709 2685 ut
722 2624 985 2704 qureimpropria
997 2623 1175 2686 admodum
1188 2642 1339 2706 compo·
1364 2631 1365 2634 ’

235 2720 314 2783 sitio
330 2720 462 2783 dicitur.

627 2956 631 2962 .
666 2888 829 2934 Anniculus
853 2873 886 2933 ri.
923 2869 925 2874 ’

618 3002 661 3064 De
673 3010 736 3063 tuto
750 3014 777 3064 et
790 3002 941 3083 partitus.

276 3115 349 3179 559.
373 3114 553 3197 Compositi
570 3118 661 3180 notio
677 3117 717 3178 ad
734 3119 834 3181 totius
848 3117 1017 3181 notionem
1032 3134 1092 3178 nos
1108 3124 1263 3181 revocat:
1286 3116 1341 3180 de
1364 3123 1365 3140 l

171 3232 173 3234 ’
233 3231 300 3294 qua
317 3216 476 3276 nonnulla
488 3216 554 3295 jam
570 3225 602 3277 ct
617 3216 651 3276 in
668 3217 773 3296 logica
789 3217 835 3294 (L.
846 3214 916 3292 106,
930 3218 1013 3296 seq.)
1030 3216 1107 3276 etin
1124 3214 1345 3294 praecedenti

237 3312 335 3390 huius
348 3313 551 3376 tractationis
570 3314 656 3377 lihro
673 3314 754 3393 (168)
771 3315 958 3378 dictasunt.
974 3313 1080 3387 Quaeri
1099 3313 1251 3376 hocloco
1270 3331 1347 3393 po·
1364 3315 1365 3322 ’

193 3461 198 3468 ,
236 3418 308 3485 test,
325 3418 435 3472 utrum
451 3412 512 3473 tria
539 3412 628 3476 hacc:
648 3422 755 3488 totam,
772 3416 980 3506 compositum,
997 3432 1035 3476 ac
1054 3411 1219 3493 perfectam
1237 3412 1347 3475 inter
1364 3395 1365 3408 ¹

233 3525 269 3568 se
284 3506 436 3569 differant
447 3518 478 3570 et
494 3509 673 3589 quomodo.
911 3576 916 3583 ,

276 3605 471 3686 Respondeo
488 3606 667 3687 inprimis,
684 3607 788 3668 totum
805 3607 1021 3688 acomposito
1037 3607 1070 3668 in
1089 3607 1151 3670 hoc
1174 3606 1347 3686 differre,

233 3703 323 3783 quod
349 3705 523 3793 compositi
540 3705 631 3769 notio
647 3706 912 3787 coniunctionem
940 3707 1167 3769 tantummodo
1188 3708 1353 3773 exhibet

232 3802 392 3882 plurium,
410 3822 482 3884 quae
498 3813 604 3883 partes
619 3815 794 3881 vocantur;
812 3813 917 3868 totum
936 3822 1092 3868 veronen
1110 3807 1173 3867 hoc
1198 3806 1350 3884 solum,

232 3898 289 3961 sed
313 3900 404 3962 addit
422 3911 577 3981 praeterea
593 3903 682 3982 quod
699 3904 788 3965 nulla
813 3920 886 3983 pars
913 3923 952 3964 ex
977 3904 1019 3964 iis
1036 3905 1166 3983 quasin
1186 3920 1365 3988 compo-¹

231 3996 295 4058 sito
321 4009 436 4061 natura
460 4001 613 4080 postulat,
630 4000 671 4061 ah
696 4019 735 4064 eo
751 4001 846 4065 absit.
865 4000 912 4065 lta
927 4022 956 4066 v.
974 4020 1022 4083 gr.
1041 4020 1155 4065 manus
1177 3995 1365 4082 quatuor-³
