2792 4600
177 292 238 356 264
616 308 807 355 cosaoaoan.

175 432 251 499 tur;
268 440 341 510 qaae
359 422 385 483 si
403 421 648 503 compressione
671 432 866 493 coarctetur,
880 422 980 484 atomi
997 419 1061 484 sibi
1079 430 1194 485 mutuo
1205 440 1265 503 ap·

176 519 359 602 propriant,
373 520 400 583 si
416 539 492 585 vero
506 520 707 602 expansione
717 521 961 602 producatur,a
976 539 1010 583 se
1022 520 1163 584 invicem
1175 538 1266 584 rece·

176 617 271 681 dunt.
288 620 324 683 ln
345 638 411 700 qua
433 619 617 701 hypothesi,
646 628 681 682 ut
700 620 800 693 vides,
819 617 921 681 nullae
936 620 1119 682 necessario
1140 636 1264 699 suppo·

176 716 293 778 nendae
313 726 389 780 suat
410 717 443 779 in
466 716 584 781 atomis
599 717 776 779 attractivae
788 734 825 779 ac
843 716 1014 797 repulsivae
1028 716 1113 778 vires
1129 709 1265 797 proprie

178 813 284 879 dictae.
301 815 428 880 Sufficit
442 818 531 877 enim
547 834 659 878 earum
680 817 726 875 vis
740 815 915 878 resistendi
932 832 1007 877 cum
1024 814 1169 896 potentia
1193 831 1266 895 pas·

177 912 245 975 siva
260 914 299 975 ad
318 924 443 977 motum
460 914 688 995 recipiendum
708 916 759 992 (1).

221 1011 293 1078 llll.
317 1012 503 1075 Notandum
518 1013 657 1075 alterum
675 1013 815 1093 pertinet
832 1012 873 1074 ad
890 1012 1116 1092 crystallorum
1131 1012 1265 1092 figuras.

179 1110 304 1174 Doceat
318 1113 458 1194 physici,
475 1113 515 1175 ad
530 1114 587 1174 has
603 1112 809 1192 explicandas
820 1111 899 1187 satis
913 1130 984 1174 esse
999 1110 1203 1174 attractionis
1217 1109 1264 1172 ai·

180 1227 244 1284 res,
264 1212 368 1291 posita
387 1211 623 1275 molecularum
646 1211 878 1292 integrantium
900 1210 1042 1291 regulari
1061 1209 1177 1291 figura.
1190 1208 1265 1271 Ete-

117 1382 123 1388 ἣ
143 1294 147 1302 ’
181 1308 251 1368 nim
267 1327 370 1389 quam
382 1318 457 1373 suat
473 1309 633 1389 ejusmodi
657 1310 810 1389 adjuncta
832 1319 868 1372 ut
883 1309 1053 1372 maleculae
1070 1309 1268 1390 integrantes

182 1408 361 1471 secundam
392 1410 527 1489 propria
549 1409 750 1471 attractionis
775 1416 887 1471 centra
912 1427 946 1471 sc
972 1408 1075 1470 libere
1106 1407 1268 1469 attrahere

182 1505 319 1585 possint,
333 1515 412 1569 tuac
426 1507 527 1569 altera
544 1507 584 1568 ad
605 1507 738 1569 alteram
761 1506 804 1569 ita
820 1506 966 1588 appellit,
991 1517 1028 1568 ut
1043 1505 1159 1568 laciem
1171 1504 1267 1567 laciei

179 1603 229 1666 vel
247 1604 330 1666 latas
345 1604 436 1667 lateri
452 1606 610 1687 applicet;
626 1626 664 1669 ex
677 1624 743 1687 quo
761 1593 943 1669 necessario
959 1604 1107 1685 sequitur
1118 1602 1268 1666 ordia'ate

182 1703 405 1767 multitudinis
417 1705 602 1786 dispositio,
628 1715 725 1786 atque
739 1725 778 1769 ex
800 1724 837 1767 ea
859 1705 1018 1786 regularis
1040 1704 1139 1767 tatius
1156 1718 1270 1764 massae

183 1802 298 1883 figura.
452 1874 453 1877 Ἴ
1081 1797 1084 1802 ’
1195 1847 1199 1853 -

226 1899 296 1964 ma.
320 1900 553 1964 Molecularum
569 1913 674 1968 autent
690 1901 924 1981 integrandum
940 1900 1122 1981 regularem
1138 1914 1271 1980 semper

170 1999 321 2081 agarem
343 2018 424 2075 esse,
452 2002 485 2062 id
510 2000 617 2082 primo
640 2021 677 2063 ex
700 1999 926 2064 obseruatione
948 1997 1133 2062 deducitur.
1157 1997 1271 2061 Puluis

183 2098 272 2161 enirn
288 2118 401 2163 eorum
415 2119 547 2181 quoque
559 2100 784 2174 mineraliam,
799 2118 872 2181 quac
883 2100 1044 2180 amarpha
1056 2109 1143 2176 suut,
1161 2100 1186 2161 si
1204 2098 1268 2161 mi-

182 2199 567 2280 croscopioinspiciatur,
582 2199 745 2279 regulares
758 2198 978 2279 utplurimum
988 2198 1107 2279 figuras
1122 2196 1270 2261 exhibet.

182 2300 478 2367 Undeconcludere
492 2316 675 2381 possumus,
686 2300 818 2362 ultimas
827 2299 1003 2362 moleculas
1011 2299 1176 2378 regulares
1187 2315 1270 2360 sem·

184 2418 244 2480 per
259 2418 341 2464 esse.
677 2387 681 2393 ’

228 2496 397 2560 Hoc-idem
412 2514 431 2558 a
446 2497 549 2576 priori
566 2496 761 2559 ostenditur.
784 2493 864 2557 Nam
881 2497 1078 2575 integrantes
1097 2494 1272 2558 moleculee

182 2597 230 2659 vel
245 2596 434 2676 compositae
446 2595 590 2671 sunt,vcl
601 2595 839 2676 incomposita.
849 2595 882 2659 Si
893 2594 1273 2675 integrantesmoleculae

183 2694 373 2775 composita
385 2702 472 2769 sunt,
487 2693 686 2756 demonstrat
700 2694 864 2776 mathesis,
875 2694 1057 2773 regularem
1069 2711 1180 2756 earum
1190 2693 1272 2773 ligu-

183 2811 252 2855 ram
276 2792 496 2854 necessarium
518 2791 667 2853 effectum
691 2808 761 2852 esse
782 2789 959 2871 aequilihrii
981 2791 1066 2852 inter
1088 2792 1275 2852 attractivas

95 2968 98 2973 ¹
184 2893 429 2973 repulsivasque
440 2891 525 2953 vires
537 2899 722 2952 atomorum
734 2890 864 2952 easdem
877 2889 1054 2952 maleculas
1066 2893 1274 2954 const-ituen-

182 2994 277 3056 tium.
295 2993 327 3056 Si
341 2991 430 3053 caim
442 2990 678 3062 constituentes
691 2987 791 3052 atomi
805 3005 871 3050 aaa
887 3007 922 3050 se
936 2989 1143 3069 symmetriae
1155 2988 1272 3070 dispo·

183 3100 299 3165 nerent
314 3092 347 3152 in
369 3088 543 3165 molocula,
565 3089 650 3150 vires
673 3087 847 3150 attractiva
862 3106 899 3150 ac
922 3088 1092 3167 repulsivas
1108 3106 1141 3149 se
1155 3098 1274 3151 mutuo

183 3184 306 3253 elidere
321 3207 387 3253 uon
405 3198 559 3269 posseat;
576 3189 609 3250 id
622 3188 712 3269 quod
726 3187 766 3249 ad
783 3186 1007 3268 aequilibrium
1024 3187 1206 3268 requiritur
1217 3189 1270 3266 (a).

183 3289 217 3352 st
235 3307 312 3363 uero
327 3288 524 3368 integrantes
541 3285 710 3350 maleculae
726 3297 801 3348 suat
822 3276 1061 3366 incomposite,
1084 3284 1272 3366 cujusmodi

182 3397 259 3450 sant
274 3388 307 3450 ia
324 3387 511 3467 substantiis
530 3372 750 3466 simplicibus,
767 3383 866 3448 ¹facile
886 3386 948 3448 erit
962 3384 1198 3458 demonstrare,
1211 3385 1274 3446 has

183 3504 326 3569 qaoque,
351 3484 418 3548 imo
442 3483 556 3548 hasla
579 3483 702 3564 primis·
723 3482 864 3563 regulari
894 3481 995 3562 ligura
1027 3481 1274 3557 circumscribi,

211 3634 242 3688 (l)
258 3627 346 3679 Confer
362 3630 582 3688 Bellisllifleseioni
597 3627 662 3675 sulla
678 3627 747 3687 teyqe
762 3625 911 3674 d'ell’czione
928 3625 1076 3673 molecolare.
1091 3624 1182 3674 Milaao
1204 3627 1275 3674 1853.

184 3719 208 3765 p.
222 3704 260 3751 26.
275 3705 372 3750 etalihl.
389 3728 417 3738 -
434 3702 545 3750 (lantani.
564 3700 685 3750 Relazioni
695 3702 827 3748 naalcunc
840 3701 964 3760 proprieta
973 3699 1086 3748 termiclte
1097 3696 1204 3759 ctllultre
1213 3712 1273 3761 prn-

123 3777 126 3781 ’
179 3779 260 3841 priam
266 3778 352 3837 fisiche
362 3776 400 3823 dc’
409 3776 482 3835 carpi.
497 3774 567 3823 Paria
579 3775 644 3822 ίὸδῖ.
654 3789 677 3834 p,
689 3777 713 3822 a.
721 3777 762 3822 ta.
779 3799 808 3808 -
824 3775 946 3828 Pancetet.
959 3775 1097 3833 acuuntque
1107 3774 1275 3823 indestrictu-

185 3856 243 3989 a&
253 3854 399 3975 {ffb-Inachi
413 3924 537 3982 huogadro
555 3922 672 3982 opus,cui
687 3922 780 3970 titulus.
802 3923 879 3970 Fisicc
896 3922 1012 3982 de'corpi
1030 3923 1190 3982 ponderabili.
1203 3922 1230 3971 'l'-
1247 3922 1272 3970 1.

183 4006 235 4056 Lib.
251 4003 284 4052 ll.
297 3999 487 4049 sez.11.c.lv.
