2792 4600
170 365 235 432 aad
562 429 576 441 ,
609 377 805 437 coenoman.

171 517 214 562 ea
229 514 296 561 nen
309 495 459 577 designat
470 495 535 559 hoc
547 495 621 559 loco
635 493 866 557 habitudinem
879 494 1059 558 materialis
1071 512 1188 574 cause,
1201 493 1271 558 sal·

173 605 242 658 tem
260 596 410 676 positive,
427 596 482 659 sed
505 595 657 659 ordinem
681 596 773 675 juxta
787 612 886 674 quem
901 595 1010 658 nihilo
1033 596 1179 659 succedit
1192 612 1271 660 ens.

175 697 204 760 N
208 713 258 757 em
275 696 538 776 propositionem
555 695 640 757 hane
656 717 665 755 :
680 712 733 755 ees
747 695 785 775 fit
804 712 844 755 me
858 693 970 769 nihilo,
984 694 1162 774 dupliciter
1173 704 1273 775 potes

174 811 359 874 exponera;
377 811 494 875 nempe
509 792 558 854 vel
579 807 588 856 t
603 810 654 853 ees
665 795 704 872 fit
717 810 756 853 ec
767 810 832 853 nee
846 800 931 866 eete‚·
947 791 997 853 vel
1013 807 1087 857 :etta
1098 811 1163 855 aee
1177 793 1215 873 fit
1228 803 1281 856 ea>

172 894 280 972 ntique
297 899 376 954 ente.
393 891 505 953 Primo
520 891 620 954 medo
643 891 803 969 particula
817 909 857 951 eac
871 889 1032 969 significat
1046 909 1182 953 noneste
1196 908 1274 953 esse

175 994 277 1074 quasi
288 993 454 1054 terminum
466 1011 486 1052 o
500 1009 577 1070 pum·
593 990 697 1053 altero
714 989 813 1052 mode
830 988 993 1069 significat
1008 990 1123 1071 utique
1138 990 1273 1054 hahitu-

173 1091 288 1153 dinem
308 1108 411 1152 oansae
428 1088 617 1164 materialis,
634 1087 691 1150 sed
706 1088 857 1167 nepetino.

218 1206 291 1270 265.
315 1206 362 1269 Eu
378 1207 438 1267 hac
450 1204 626 1267 creationis
638 1206 776 1268 notione
790 1203 860 1266 haec
875 1202 971 1266 facile
983 1212 1182 1268 statuuntur.

222 1324 253 1386 1⁰
276 1323 403 1386 creatio
426 1321 563 1402 passiva,
588 1320 723 1402 proprie
745 1319 928 1400 loquendo,
953 1339 1019 1383 nen
1044 1328 1092 1384 est
1115 1320 1271 1384 mutatio.

176 1422 312 1485 ldntatio
329 1420 466 1482 enimin
485 1437 524 1484 ee
539 1429 599 1497 est,
617 1419 706 1502 qnod
724 1419 811 1482 idem
828 1419 1012 1500 subjectum
1028 1419 1068 1483 ab
1084 1438 1151 1483 uno
1168 1418 1273 1502 modo

177 1541 214 1585 se
237 1518 380 1582 habendi
404 1518 444 1580 ad
467 1518 606 1581 alterum
629 1527 787 1596 transeat;
811 1536 848 1580 ao
863 1526 1037 1600 propterea
1053 1518 1159 1582 tribus
1176 1519 1274 1582 hisce

177 1620 367 1683 continetur
389 1616 585 1680 elementis:
610 1618 741 1679 termino
763 1636 783 1679 a
803 1635 875 1697 quo,
898 1618 1029 1679 termino
1051 1618 1212 1698 adquam,
1239 1626 1275 1679 et

177 1719 278 1780 eodem
302 1716 479 1796 utrobique
500 1718 633 1797 subjecte
650 1715 696 1795 (0.
713 1716 798 1795 579).
815 1717 881 1780 Ens
903 1730 1013 1781 autem
1036 1717 1124 1799 quod
1146 1717 1185 1806 lit
1207 1736 1272 1798 per

178 1816 393 1889 creationem,
420 1834 486 1878 non
511 1826 579 1878 erat
596 1817 664 1879 ullo
681 1816 780 1879 modo
795 1825 869 1878 ante
884 1817 1095 1880 creationem.
1119 1816 1212 1882 Unde
1234 1816 1272 1879 in

177 1917 345 1980 creatione
372 1933 438 1979 non
466 1915 604 1979 habetur
620 1916 804 1998 subjectum
822 1934 998 1980 commune
1019 1916 1151 1980 termini
1168 1934 1186 1979 a
1201 1933 1273 1998 que

177 2026 213 2080 et
227 2015 360 2077 termini
378 2014 543 2095 adquam,
559 2017 626 2078 ime
642 2014 713 2095 ipse
729 2014 891 2077 terminus
906 2032 1002 2096 aquo
1018 2014 1235 2078 desideratur.

220 2113 447 2198 Nihilominus
462 2112 502 2173 de
518 2112 684 2175 creatione
695 2112 840 2193 cogitare
853 2120 885 2174 et
899 2112 990 2194 loqui
1006 2113 1161 2189 solemus,
1178 2121 1215 2178 ut
1230 2112 1275 2176 de

177 2214 362 2280 mutatione
393 2213 531 2292 quadam
554 2211 602 2273 rei
624 2209 696 2293 quaa
712 2212 804 2293 prius
832 2230 898 2276 non
914 2221 993 2285 erat,
1017 2230 1054 2275 ac
1073 2223 1183 2294 postea
1197 2222 1274 2279 est:

175 2324 276 2395 atque
292 2311 371 2373 hinc
393 2310 458 2371 dici
478 2319 594 2391 petest,
611 2313 809 2374 creationem
835 2311 1050 2375 mutationem
1066 2331 1136 2375 asse
1151 2332 1274 2378 secun·

177 2413 260 2474 dum
276 2408 412 2472 medum
428 2408 648 2489 intelligendi.

220 2526 254 2587 2⁰
277 2524 403 2586 Creatio
419 2540 551 2586 omnem
568 2522 713 2585 excludit
736 2523 989 2601 successionem,
1014 2536 1121 2606 neque
1137 2526 1170 2588 in
1187 2533 1275 2590 tem·

175 2643 259 2708 pore
286 2622 331 2697 ht,
367 2620 422 2683 sed
460 2621 492 2682 in
523 2620 719 2684 indivisibili
752 2631 931 2698 momente,
956 2639 1142 2705 quanquam
1164 2624 1276 2706 possit

176 2740 283 2787 unum
311 2712 385 2801 post
406 2718 545 2782 alterum
571 2721 753 2782 successive
775 2720 892 2783 creari.
916 2719 1010 2784 Ratio
1032 2709 1080 2784 est
1095 2722 1173 2803 quia
1193 2741 1274 2787 suc-

175 2821 284 2909 cessio
299 2820 436 2889 mutatio
452 2827 512 2881 est.

221 2937 256 2998 δ’
278 2933 405 2996 Creatie
422 2931 524 2995 activa
549 2931 683 3013 proprie
707 2934 774 2995 non
800 2942 848 2996 est
874 2933 959 2998 actio
984 2936 1156 3000 transiens.
1172 2937 1274 3003 Aetio

176 3037 271 3102 enim
287 3031 479 3113 hujusmodi
507 3050 543 3094 re
559 3030 647 3094 idem
663 3042 711 3094 est
726 3050 763 3094 ae
787 3033 925 3099 mutatio
942 3035 990 3112 (0.
1013 3034 1211 3118 58l),atque
1230 3038 1273 3101 in

176 3132 327 3215 subjecto
350 3129 577 3211 praesistente
604 3129 777 3211 recipitur.
801 3130 960 3194 Praeterea
982 3133 1104 3197 creatio
1120 3145 1168 3197 est
1182 3135 1273 3201 aetio

177 3233 238 3298 llei
259 3224 413 3312 propria:
431 3228 521 3291 nulla
537 3236 646 3291 autern
660 3229 771 3292 divina
783 3231 868 3295 actio
883 3232 1017 3314 proprie
1033 3234 1194 3297 transiens
1205 3243 1270 3315 est,

176 3331 236 3395 sed
253 3326 465 3391 solummodo
479 3327 725 3406 aequivalenter.

221 3426 254 3488 4⁰
276 3424 404 3486 Creatie
421 3422 537 3485 relatio
554 3432 612 3487 est.
628 3422 774 3501 Nam‚ut
789 3427 834 3487 ait
848 3445 875 3491 s.
892 3426 1033 3491 Thomas
1060 3452 1075 3488 r
1093 3447 1165 3494 cunt
1181 3430 1271 3498 actio

181 3551 200 3585 ι
223 3535 255 3588 et
270 3521 378 3605 passio
399 3520 595 3583 conveniant
618 3520 652 3583 in
668 3522 850 3601 substantia
864 3537 984 3603 motus,
1001 3535 1033 3590 et
1047 3528 1198 3594 differant
1212 3550 1270 3598 so·

181 3648 200 3684 ‹
225 3625 294 3686 lum
310 3620 492 3697 secundum
510 3620 721 3683 habitudines
737 3621 880 3685 diversas
896 3624 944 3702 (Ο.
957 3624 1041 3704 581),
1060 3673 1068 3690 .
1086 3675 1093 3692 ,
1114 3675 1122 3692 ,
1141 3676 1149 3691 ,
1167 3647 1270 3711 opor.

180 3746 198 3782 ‹
223 3718 269 3785 tet
294 3719 383 3802 quod
406 3718 571 3782 subtracto
593 3728 696 3795 motu,
728 3738 794 3784 non
822 3735 1011 3787 remaneant
1033 3725 1097 3789 nisi
1131 3726 1269 3792 diversae

179 3845 198 3881 ‹
222 3819 436 3883 habitudines
453 3816 629 3881 inmeante
645 3829 676 3882 et
691 3827 801 3882 creato
822 3822 871 3897 (t).
897 3842 911 3880 t
936 3822 1011 3886 llaec
1025 3832 1134 3888 autem
1150 3826 1268 3892 relatio

178 3920 216 3983 in
238 3919 305 3981 Deo
321 3910 457 3998 quidem
474 3925 523 3979 est
546 3916 663 3981 relatio
678 3917 835 3996 rationis;
852 3920 885 3981 in
902 3938 937 3982 re
959 3930 1067 3985 autern
1089 3931 1196 3987 ereata
1218 3934 1270 3989 est

206 4066 238 4122 (l)
252 4064 320 4110 Sum.
331 4062 364 4107 th.
375 4076 401 4121 p.
411 4063 431 4109 1.
442 4076 467 4123 q.
477 4065 547 4112 xlv.
559 4071 604 4112 art.
615 4064 647 4123 11,
656 4067 685 4112 ad
696 4066 720 4111 2
