2792 4600
517 404 603 449 utana
624 405 767 464 noturus,
792 407 885 452 carun
906 408 928 453 1.
1206 388 1276 454 tet

148 522 267 578 taret.
281 516 342 578 Fac
354 516 443 578 enim
459 516 594 579 dubiam
606 536 676 580 esse
688 518 797 599 legunt
813 520 1012 584 naturalium
1026 520 1268 585 constantiamt

148 612 232 689 J'am
253 616 345 679 nulla
362 616 444 679 leret
455 616 664 696 experientiae
680 618 813 692 utilitas,
829 618 919 680 nul-la
930 620 1132 698 providentia
1148 618 1265 692 loturi,

154 712 287 775 nullus
303 714 338 776 in
356 716 508 776 humanis
523 714 650 776 actibus
671 734 709 777 ac
726 715 940 779 relationibus
957 719 1051 792 ordo,
1069 718 1268 797 nullumque

155 819 300 872 certum
326 812 515 884 consilium,
533 813 601 873 sive
619 812 772 891 parandis
795 832 868 897 quae
884 814 956 876 vitae
979 815 1161 877 necessaria
1177 822 1265 890 sunt,

79 989 81 991 q
154 907 238 984 sive
257 910 407 972 arcendis
430 930 502 991 quae
519 913 627 984 noxia,
645 912 712 973 sive
734 912 890 974 remediis
906 912 1103 977 adhibendis
1122 932 1130 989 ;
1154 912 1265 976 omnia

158 1005 274 1082 plena
291 1007 509 1070 dubitationis
524 1020 642 1085 essent,
662 1011 756 1089 plena
775 1012 906 1073 terroris
925 1029 933 1088 ;
951 1011 1191 1092 hominumque
1213 1002 1267 1077 sa·

156 1104 273 1169 cietas
290 1110 468 1169 consistere
483 1125 549 1171 non
569 1117 686 1187 posset.

207 1204 285 1268 Non
304 1206 446 1285 denique
473 1208 567 1268 tertia
588 1207 772 1287 suppositio
797 1185 931 1269 admitti
943 1216 1057 1288 potest.
1085 1207 1165 1271 llam
1189 1210 1266 1272 licet
1325 1285 1337 1309 .

158 1305 344 1380 fateamur,
368 1323 433 1367 non
450 1322 632 1385 repugnare
654 1305 773 1366 divinae
800 1306 968 1385 sapientiae
983 1325 1020 1368 ec
1036 1306 1261 1387 providentiae,

160 1405 241 1467 imo
258 1404 399 1465 maxime
426 1422 497 1465 eam
527 1404 653 1478 decere,
672 1415 706 1465 ut
724 1412 856 1483 propter
877 1404 956 1465 lines
978 1424 1011 1467 se
1038 1405 1154 1485 dignos
1179 1406 1263 1468 [ierus

162 1503 373 1583 quandoque
396 1503 593 1565 naturalium
621 1503 729 1581 legum
754 1502 1074 1582 effectus'impediat,
1103 1508 1210 1565 temen
1229 1504 1262 1566 id

163 1602 296 1678 passim
314 1601 381 1663 fieri
405 1619 442 1662 ac
457 1600 529 1662 sine
544 1600 676 1663 ratione.
686 1614 733 1662 est
750 1600 815 1662 [leo
833 1617 966 1680 prorsus
981 1601 1165 1680 iudignum.
1191 1601 1264 1666 Haec

163 1702 262 1763 enim
279 1698 497 1763 inconstantia
514 1700 546 1760 in
560 1699 739 1780 sapientem
756 1717 821 1760 non
845 1698 949 1775 cadit3
967 1709 997 1760 et
1013 1719 1049 1761 ex
1063 1700 1120 1761 illa
1135 1701 1262 1777 eadem,

163 1818 246 1877 quae
263 1801 361 1861 modo
374 1798 566 1872 notavimus,
586 1799 618 1857 in
637 1797 808 1858 hominum
827 1796 889 1857 vita
905 1812 1121 1877 sequerentur
1135 1799 1263 1862 incom-

166 1898 283 1960 moda.

214 1995 318 2074 Igitur
335 2007 421 2055 certa
436 2002 484 2054 est
507 1994 615 2073 legum
631 1991 835 2072 physicarem
852 1991 958 2071 quoad
987 1992 1113 2055 futuros
1129 2001 1263 2057 eventus

167 2095 367 2156 constantia.
1166 2114 1167 2117 ¹

213 2181 288 2257 tat.
307 2193 389 2255 llinc
412 2177 604 2270 colligemus
622 2192 653 2250 1ο
669 2190 736 2251 duo
755 2207 825 2250 esse
842 2187 1005 2269 principia
1021 2188 1169 2267 apriori,
1187 2190 1263 2270 qui·

169 2292 235 2354 bus
249 2291 356 2371 legum
386 2288 593 2371 physicarum
620 2287 814 2362 constantia,
834 2295 865 2348 et
882 2286 1069 2349 futurorum
1089 2299 1264 2351 eventuum

168 2410 249 2454 cnm
265 2391 437 2470 praeteritis
452 2386 637 2449 similitudo
652 2376 828 2447 stabilitur.

216 2490 362 2552 Primum
388 2487 521 2551 :Causa
536 2486 720 2556 necessarie,
746 2485 854 2564 positis
881 2484 1035 2565 requisitis
1049 2486 1091 2546 ad
1110 2487 1263 2566 apeudum

168 2591 339 2651 necessario
354 2595 453 2668 apunt
467 2585 530 2647 nisi
541 2584 752 2665 impediantur
766 2586 877 2645 uirtute
887 2583 1006 2647 divina.

213 2687 385 2751 Alterum:
413 2683 527 2744 diuina
540 2681 692 2762 supientia
706 2681 841 2760 postulat
858 2689 893 2742 ut
907 2681 1115 2744 constantinus
1146 2682 1261 2763 lepidus

169 2796 280 2849 utatur
294 2789 330 2847 r'u
347 2783 457 2845 mundi
468 2782 745 2855 administratione,
770 2788 860 2859 utque
874 2799 1039 2842 causarum
1053 2784 1260 2859 naturalium,

170 2883 291 2966 effeetus
305 2883 349 2946 uel
362 2899 533 2962 nunquam,
548 2879 595 2940 uel
605 2878 761 2939 rarissime
774 2878 931 2958 impediet.

214 2986 248 3046 2⁰
269 2981 423 3043 Generale
440 2979 502 3041 boc
517 2978 771 3058 pronunciatum
786 2992 793 3038 ε
811 2973 902 3055 Lepet
924 2977 1081 3039 naturales
1102 2987 1173 3040 sunt
1188 2995 1262 3041 eon·

170 3090 295 3153 stantes,
308 3088 339 3141 et
351 3076 438 3159 quod
448 3076 488 3137 ab
504 3077 576 3156 ipso
593 3074 783 3135 immediate
798 3073 1030 3152 consequitur:
1047 3072 1162 3159 Futuri
1176 3093 1264 3137 ecut-

172 3192 220 3242 tus
234 3181 269 3240 in
284 3179 391 3239 iisdem
405 3174 560 3256 adjunctis
573 3173 685 3235 similes
703 3180 792 3234 erunt
802 3172 974 3251 preteritis,
1001 3187 1072 3233 esee
1096 3171 1262 3253 principia

172 3298 191 3339 a
208 3276 321 3357 priori,
340 3273 467 3356 quarab
484 3272 675 3334 inductione
692 3288 757 3333 non
773 3270 926 3349 pendent.

213 3381 247 3440 5⁰
269 3374 491 3439 Constantiam
508 3369 729 3433 nibilominus
760 3369 867 3448 legum
884 3368 1093 3448 physicarum
1110 3367 1143 3431 in
1161 3370 1262 3450 parti·

150 3475 288 3549 culmi,
316 3492 373 3554 per
389 3491 435 3548 se,
454 3469 587 3552 physice
603 3477 724 3530 certam
753 3485 834 3529 esse.
859 3465 939 3528 Nam
959 3466 984 3527 si
1007 3467 1047 3528 de
1063 3464 1262 3531 certitudine

120 3650 125 3655 ,
171 3572 330 3653 objectiva
347 3588 454 3634 sermo
480 3579 538 3643 est,
567 3568 635 3630 baec
649 3565 807 3647 supponit
823 3565 985 3639 effectum,
1003 3565 1044 3626 de
1059 3583 1125 3645 quo
1140 3566 1261 3646 agitur,

173 3693 212 3735 ex
226 3681 349 3734 naturae
365 3671 434 3749 lege
450 3667 519 3730 fieri
536 3685 544 3742 ;
572 3667 599 3729 si
621 3682 697 3728 vero
714 3664 753 3726 de
770 3663 966 3726 certitudine
979 3661 1169 3741 subjectiva,
1192 3664 1261 3727 ltaec

72 3777 76 3784 '
173 3771 330 3852 supponit
347 3777 469 3830 naturae
491 3783 528 3829 ea
544 3766 584 3829 de
600 3756 635 3826 re
658 3764 764 3858 legem
792 3761 992 3841 experientia
1013 3769 1044 3823 et
1070 3761 1264 3826 inductione

174 3871 274 3934 luisse
286 3868 462 3947 cognitam.
497 3890 500 3894 ⁴

212 3970 246 4035 4⁰
269 3964 505 4028 Certitudinem
532 3962 664 4023 demum
691 3957 732 4019 de
761 3954 941 4018 constantia
966 3955 1046 4034 legis
1065 3955 1203 4037 alicujus
1223 3959 1261 4022 in
1378 3830 1388 3995 i

176 4069 238 4131 ltoc
253 4075 307 4130 aut
322 4065 381 4128 illo
398 4063 507 4125 futuro
520 4077 596 4121 casu
612 4075 682 4120 esse
698 4054 865 4136 physicam
880 4053 1265 4137 hypotheticam3impli·

1358 4224 1370 4423 l
