2792 4600
207 291 214 323 ι
229 340 290 403 440
661 354 851 401 cosnonoon.

270 472 303 533 2⁰
325 471 415 534 Idem
432 470 795 551 dicendum,siquando
809 469 895 532 Deus
907 468 1005 531 alicui
1017 468 1143 542 homiui
1160 467 1319 530 concedat

229 572 463 635 miraculorum
482 579 671 652 potestatem
688 569 969 654 instrumentalem
986 567 1081 647 (444).

268 671 302 738 50
324 673 470 753 ltemque
483 670 509 732 si
524 671 674 752 quaedam
688 670 796 731 miraa
810 667 907 730 bonis
922 666 1095 750 spiritibus
1110 675 1232 748 patrata
1247 683 1319 730 ease

228 779 365 834 constet.

268 870 302 933 4ο
323 869 370 933 Ad
385 869 529 932 divinam
544 868 709 950 pertinere
725 867 963 949 providentiam
973 876 1009 929 ut
1020 865 1127 929 sicubi
1137 867 1317 948 permittat,

228 989 245 1031 a
261 968 433 1048 spiritibus
449 968 543 1032 malis
566 986 623 1029 seu
639 967 734 1039 mira,
752 985 810 1028 seu
827 966 988 1047 praestigia
1014 966 1099 1042 lieri,
1126 966 1159 1028 rd
1177 966 1211 1028 in
1228 965 1317 1047 ejus·

229 1067 318 1129 modi
350 1066 515 1147 permittat
541 1065 716 1146 adjunctis,
739 1073 775 1125 ut
803 1065 890 1126 clara
919 1073 1093 1144 suppetant
1122 1064 1320 1128 bominibus

229 1165 364 1240 indicia,
381 1155 503 1245 quihus
515 1171 723 1243 cognoscant,
743 1180 780 1224 ea
792 1162 902 1224 divina
918 1164 1009 1241 signa
1025 1179 1091 1224 non
1111 1181 1182 1226 esse
1201 1175 1320 1228 :secus

229 1265 313 1327 [leus
326 1264 360 1326 in
375 1280 504 1327 errores
520 1261 730 1324 invincibiles
747 1261 898 1324 homines
913 1261 1102 1325 adduceret.

651 1424 818 1472 acriculus
842 1426 883 1473 tv.

409 1541 420 1565 ·
435 1541 479 1603 lle
492 1540 673 1621 quidusdam
686 1539 775 1619 salsis
785 1541 930 1608 miraculi
942 1542 1128 1605 actionibus.

268 1673 341 1736 454.
355 1670 460 1736 Facile
475 1689 564 1733 nunc
576 1669 706 1747 erit,·de
721 1670 918 1751 quibusdam
935 1670 1025 1755 falsis
1037 1671 1188 1735 miraculi
1208 1674 1321 1737 notio·

229 1771 326 1834 nibus
348 1769 511 1849 judicium
528 1770 623 1831 lerre.
641 1770 724 1832 Sunt
737 1770 845 1850 primo
860 1769 1009 1849 quaedam
1033 1769 1183 1832 miraculi
1200 1772 1321 1835 defini·

228 1872 345 1943 tiones,
374 1885 575 1949 quaererem
607 1885 671 1928 non
701 1867 904 1930 difinitionea
924 1879 1009 1943 sunt,
1034 1868 1090 1931 sed
1112 1869 1316 1950 negationes.

228 1966 422 2048 Huiusmodi
439 1977 486 2029 est
502 1966 558 2027 ille
573 1965 744 2046 Spinosae:
772 1965 970 2028 miraculum
996 1984 1065 2028 esse
1090 1986 1167 2048 opus
1181 1977 1316 2044 amaru,

227 2067 314 2148 cujus
342 2082 467 2128 caucam
483 2064 656 2126 naturalem
683 2065 820 2146 exemplo
840 2065 966 2127 alteriue
986 2065 1031 2126 mi
1054 2064 1149 2126 solitu
1162 2066 1319 2147 explicare

227 2185 291 2227 aaa
297 2183 462 2246 poscumus
477 2165 526 2243 (t).
544 2167 570 2228 Α
596 2182 659 2244 qua
680 2182 795 2246 parum
823 2163 951 2227 abludit
967 2165 1078 2228 Looltii
1095 2165 1258 2231 definitio.
1287 2166 1318 2230 la
1379 2241 1380 2256 χ

229 2269 316 2329 enim
339 2266 408 2328 ait:
436 2263 623 2327 miraculum
641 2282 702 2327 erre
723 2264 929 2346 operationem
953 2264 1133 2340 sensibilem,
1156 2284 1223 2346 qua
1247 2284 1319 2331 cum

227 2364 402 2446 spectatoris
420 2371 546 2443 captum
570 2372 701 2443 cuperet,
723 2364 876 2443 ipsiusque
900 2364 1044 2444 opiniouc
1070 2365 1175 2426 currui
1194 2373 1320 2427 matura

227 2464 394 2525 constituto
419 2461 577 2522 contraria
596 2460 646 2535 cit,
669 2461 707 2523 ab
728 2481 761 2523 eo
775 2480 831 2543 pra
846 2461 954 2524 diuino
968 2462 1094 2525 tuetur
1108 2464 1156 2541 (a).
1171 2460 1319 2534 Quarum

229 2562 335 2644 prima
351 2568 450 2621 totam
466 2558 615 2620 miraculi
634 2560 793 2622 rationem
810 2559 843 2621 in
862 2560 1004 2622 humana
1020 2559 1201 2641 ignorantia
1213 2561 1320 2625 collo·

229 2668 291 2735 cat,
308 2659 408 2720 altera
431 2656 465 2718 in
479 2654 689 2737 prejudicio.
707 2657 852 2739 Uterque
863 2675 928 2720 una
944 2676 1018 2721 cum
1031 2659 1106 2721 aliis
1122 2659 1178 2740 qui
1195 2659 1235 2722 ad
1260 2677 1319 2724 eos

229 2756 400 2831 accedunt,
424 2753 631 2832 refutabitur,
652 2756 858 2820 ostendendo
884 2757 1121 2821 miraculorum
1145 2760 1319 2840 possibili·

230 2866 340 2920 tatem.
766 2862 768 2866 ”

271 2955 304 3016 l⁰
325 2950 492 3015 Clarclius
508 2951 544 3028 (3)
561 2950 624 3014 hoc
652 2961 807 3033 tanquam
824 2953 1027 3035 principium
1040 2955 1188 3031 assumit,
1206 2957 1317 3022 nullas

230 3071 300 3115 esse
316 3049 458 3113 materiae
470 3049 565 3123 viror,
576 3050 701 3112 nullam
715 3053 930 3130 nativitatem
947 3058 1122 3134 omniaque
1141 3071 1158 3116 a
1179 3058 1258 3133 Deo,
1268 3056 1318 3120 vol

231 3153 419 3218 immediate
435 3167 493 3232 per
508 3169 553 3226 se,
570 3152 618 3215 vel
635 3171 693 3234 per
708 3164 872 3217 creaturas
889 3154 1107 3235 intelligentes
1122 3156 1207 3219 fieri.
1234 3157 1320 3220 Hinc

231 3251 364 3335 proprie
380 3248 559 3329 loquendo,
577 3259 701 3313 naturae
716 3252 802 3314 vires
818 3270 888 3314 esse
913 3251 971 3313 Dei
987 3253 1206 3335 operationes,
1223 3264 1320 3318 natu·

231 3368 340 3431 raeque
354 3365 486 3411 cursum
503 3348 587 3410 nihil
601 3367 670 3412 esse
682 3349 784 3425 aliud,
799 3368 895 3431 quam
910 3352 1108 3415 voluntatem
1125 3353 1195 3428 liei,
1210 3357 1319 3434 prouti
1375 3390 1376 3431 ,

131 3490 134 3494 Δ
229 3449 355 3511 ratione
381 3446 521 3525 quadam
544 3446 712 3523 continua,
736 3447 897 3511 constanti
913 3460 945 3511 et
960 3448 1117 3514 uniformi
1134 3452 1212 3531 agit.
1235 3453 1323 3516 ilinc

231 3544 427 3609 miraculum
454 3541 585 3604 deliniri
617 3562 712 3626 posse
734 3545 815 3608 dicit
839 3563 847 3610 t
874 3543 1012 3627 effectum
1036 3559 1176 3611 consueto
1200 3560 1323 3613 natura

229 3645 333 3707 ordini
357 3641 561 3717 contrarium,
587 3643 625 3704 ab
644 3642 780 3725 alicujus
799 3646 876 3706 cutia
905 3647 1113 3728 inteiliqcntia,
1143 3648 1321 3731 dominique
1374 3688 1375 3725 t

229 3743 394 3825 superioria
415 3743 533 3803 intacto
547 3738 719 3805 interuentu
731 3745 926 3823 productum.

259 3891 291 3945 tl)
307 3891 386 3936 Tract.
395 3885 571 3945 ticolpaiitc.
585 3888 625 3937 l'l.
1115 3909 1119 3915 ·
1373 3886 1374 3935 l

259 3967 293 4021 (Ξ)
304 3965 380 4010 Tract·
395 3963 428 4007 De
438 3963 523 4008 mirac.

261 4037 293 4091 td)
304 4037 381 4082 Truct.
390 4046 420 4080 on
430 4035 467 4081 tle
478 4035 549 4083 caiti.
560 4035 586 4094 ο]
595 4035 654 4083 uod.
666 4037 701 4083 Ch
712 4052 720 4081 ι
732 4038 799 4086 xlx.
