2792 4600
458 359 699 417 sinuessanae,
723 360 814 405 araur
836 360 869 407 n.
1144 344 1204 408 385

157 458 315 552 Aptitudo
345 471 535 532 mobilis'ad
560 471 671 533 datum
697 472 839 552 spatium
866 473 941 537 dato
957 487 1106 554 tempore
1133 494 1203 555 per-

114 571 315 631 currendum
347 570 469 632 dieitur
497 570 655 632 velocitas:
689 585 762 649 quae
787 570 892 650 major
919 561 967 633 est
997 573 1047 634 vel
1078 574 1225 648 minor„

116 669 226 749 prouti
240 668 356 730 eodem
369 676 517 750 ternpore
529 670 633 746 maius
645 668 694 730 vel
708 669 818 731 minus
830 670 1035 749 percurritur
1046 671 1200 750 spatium.

156 765 228 830 597.
261 768 341 838 Cum
370 776 499 847 tempus
525 784 712 829 mensuram
736 777 844 831 motus
872 769 1059 843 constituat,
1078 787 1202 849 quaeres

114 867 283 947 quomodo
300 869 404 948 possit
419 866 563 952 vicissim
579 877 719 946 tempus,
735 875 771 928 ut
786 866 880 941 solet,
898 879 989 929 motu
1006 866 1201 929 mensurari.

114 965 357 1040 Animadverte,
373 967 436 1027 hoe
452 973 546 1045 pacto
561 981 613 1025 res
628 981 743 1026 omnes
759 965 954 1039 mensurari,
972 982 1090 1044 nempe
1112 981 1203 1027 assu-

115 1063 235 1125 mendo
251 1064 386 1125 unitatis
413 1064 486 1127 loco
501 1062 647 1143 aliquam
663 1063 889 1143 quantitatem,
914 1081 1053 1144 eamque
1072 1062 1203 1143 quanti·

115 1164 171 1224 tati
192 1163 403 1226 dimetiendae
419 1165 538 1226 iterum
556 1161 653 1242 atque
670 1164 789 1226 iterum
806 1164 1015 1245 applicando.
1036 1162 1204 1236 Quantitas

116 1280 192 1325 vero
209 1263 277 1334 iila,
296 1263 368 1344 quae
385 1264 418 1330 in
436 1272 597 1325 mensurae
613 1263 770 1325 unitatem
786 1264 975 1337 assumitur,
993 1262 1203 1327 dimetiendae

116 1360 301 1439 quantitati,
320 1363 405 1422 intra
434 1361 624 1441 quantitatis
646 1378 758 1440 genus,
776 1361 979 1441 homogenea
1007 1362 1200 1423 essedehet.

116 1457 170 1521 Sia
182 1459 269 1520 linea
282 1459 390 1535 lineis,
405 1460 595 1540 superficies
607 1459 854 1538 superficiebus,
868 1459 973 1522 solida
985 1460 1101 1523 solidis
1114 1477 1204 1520 men·

117 1568 282 1621 surantur.
307 1560 386 1621 Cum
404 1560 504 1639 igitur
533 1567 661 1638 tempus
690 1562 732 1620 sit
748 1560 967 1622 mutationum
989 1559 1089 1620 series
1107 1559 1202 1638 (388),

115 1673 183 1717 non
199 1657 294 1718 aliter
309 1656 491 1719 mensurari
506 1658 624 1737 poterit
639 1675 736 1737 quam
753 1658 967 1720 determinata
990 1657 1100 1741 aliqua
1129 1675 1202 1719 mu·

116 1755 289 1836 rationein
305 1757 465 1817 unitatem
496 1773 658 1817 mensurae
684 1763 860 1835 assumpta.
887 1757 927 1821 Ut
942 1764 1049 1818 autem
1066 1754 1202 1817 mutatio

119 1854 191 1914 haee
202 1853 318 1916 iterato
330 1853 482 1914 adhiberi
499 1854 601 1933 possit
613 1854 651 1914 ad
669 1871 870 1927 mensuram,
884 1862 1058 1916 renovetur
1073 1870 1203 1915 necesse

117 1960 177 2027 est,
195 1959 225 2013 et
242 1960 412 2030 perpetuo,
430 1961 461 2012 et
476 1950 698 2013 uniformiter.
720 1950 870 2014 Mensura
885 1951 984 2031 igitur
999 1951 1108 2013 omnis
1124 1961 1203 2012 tem-

117 2049 208 2129 poris
220 2058 267 2110 est
281 2049 412 2110 mutatio
426 2049 533 2129 ulique
545 2058 694 2130 perpetua
708 2045 736 2111 e't
749 2047 927 2130 uniformis.
947 2051 1013 2112 Hoc
1026 2057 1119 2129 paeto
1132 2064 1203 2111 mo·

115 2158 168 2209 tus
183 2157 231 2208 est
247 2148 403 2227 temporis
420 2164 584 2209 mensura.

159 2245 231 2309 598.
254 2245 437 2310 Naturatem
459 2247 617 2328 temporis
632 2264 819 2310 mensuram
837 2247 982 2310 humano
996 2246 1107 2327 generi
1126 2263 1202 2327 sup·

119 2346 267 2426 peditant
293 2347 472 2408 caelestium
496 2364 672 2427 corporum
698 2358 817 2410 motus.
841 2347 879 2410 Hi
900 2348 989 2408 enim
1014 2356 1121 2409 motus
1137 2362 1203 2409 uon
1277 2392 1290 2398 ,

117 2444 219 2507 modo
245 2454 321 2506 sunt
336 2454 520 2508 constantes
549 2446 636 2508 etad
652 2464 783 2509 sensum
809 2444 1003 2520 uniformes,
1034 2445 1203 2508 sedetiam

118 2545 313 2624 spectabiles
328 2544 496 2618 omnibus,
514 2563 551 2606 ao
566 2546 740 2626 propterea
763 2563 950 2607 mensuram
965 2544 1111 2626 praebent
1132 2561 1203 2606 om-

118 2643 218 2705 nibns
233 2661 455 2708 communem.

161 2742 344 2804 Mensuram
365 2743 561 2822 artificialem
581 2742 793 2823 suppeditant
815 2743 1043 2816 instrumenta,
1062 2760 1134 2823 quaa
1153 2741 1202 2805 vei

119 2840 264 2902 eoetestes
282 2851 390 2901 motus
406 2839 586 2915 imitantur,
604 2849 640 2901 ut
670 2841 851 2920 horologia,
880 2859 952 2920 quae
972 2840 1092 2902 indicis
1112 2850 1203 2903 motu

118 2940 276 3001 diurnum
290 2950 415 3003 motum
427 2950 677 3021 repraesentant;
690 2942 739 3002 vel
750 2959 822 3021 quae
835 2940 1048 3003 mutationem
1059 2939 1204 3019 aliquam

119 3039 330 3103 uniformiter
358 3040 540 3102 iterabilem
571 3038 760 3119 perficiunt,
784 3048 820 3101 ut
846 3056 957 3103 casum
982 3038 1127 3118 pulveris
1155 3039 1231 3100 vel-

119 3157 221 3219 aquae.

160 3237 234 3302 899.
252 3238 284 3301 Si
310 3239 384 3319 quis
400 3238 563 3300 mensuris
579 3236 769 3318 huiusmodi
800 3235 954 3298 omnihus
975 3235 1072 3310 earet,
1090 3243 1144 3297 aut
1164 3234 1204 3296 ad

118 3337 194 3398 illas
211 3355 278 3403 non
294 3337 450 3408 attendat,
469 3353 535 3398 non
554 3335 651 3397 aliam
668 3318 789 3396 hahere
805 3326 924 3414 pote'rit
939 3333 1096 3414 temporis
1113 3350 1204 3395 men·
1235 3324 1239 3332 “

117 3454 242 3512 suram,
262 3453 360 3516 quam
374 3437 518 3497 internas
534 3451 607 3496 suas
629 3433 828 3509 affectiones,
845 3450 912 3495 non
927 3432 1062 3513 quidem
1078 3422 1204 3503 omnes,

71 3548 76 3559 ’
117 3536 175 3597 sed
199 3552 252 3597 eas
268 3551 406 3614 quarum
428 3532 662 3595 conscientiam
679 3530 806 3604 habuit,
824 3547 862 3591 ac
882 3529 1077 3592 memoriam
1092 3527 1205 3589 saitem

118 3633 255 3698 confuse
270 3641 385 3696 servat.
404 3631 497 3713 Unde
513 3632 673 3711 seqnitur,
690 3628 780 3710 quod
796 3645 863 3709 quo
892 3628 1003 3710 plures
1030 3635 1106 3690 sunt
1131 3626 1206 3688 affe·

116 3735 243 3797 stiones
253 3731 454 3810 hujusmodi,
464 3748 503 3793 eo
516 3730 647 3809 longius
659 3735 791 3810 apparet
804 3727 915 3789 datum
930 3725 1088 3806 temporis
1104 3724 1206 3787 inter·

116 3833 252 3907 vallum,
265 3831 344 3911 quia
360 3830 471 3911 plures
487 3835 593 3910 partes
606 3829 640 3890 in
657 3845 696 3890 eo
709 3834 873 3891 notantur.
890 3825 995 3906 Atque
1013 3823 1092 3885 hine
1106 3823 1153 3897 fit,
1172 3833 1207 3884 ut

118 3932 209 3994 idem
225 3928 630 4010 temporisintervaltuma
645 3925 843 4005 quibusdam
856 3923 987 4001 longius
1002 3921 1207 3984 existimetur

115 4049 216 4114 qnam
225 4029 332 4110 reipsa
341 4027 450 4102 fuerit,
464 4025 686 4107 aquibusdam
700 4022 842 4085 brevius.
853 4017 1206 4098 Longiusexistimatur
