2792 4600
21 14 191 113 ¹5

375 278 474 324 arnan
494 279 656 337 secuunus,
679 280 771 327 canus
794 283 833 327 iv.
1092 265 1151 327 lll

68 410 145 473 pere
161 409 346 473 possumus.
363 392 468 474 Atque
489 395 566 456 inde
581 395 646 474 jam
664 407 760 475 patet,
778 397 946 475 quomodo
962 398 1092 460 realitas
1118 398 1152 461 in

67 509 100 554 se
116 509 180 555 una
197 492 295 552 variis
307 492 520 573 conceptibus
538 502 799 573 repraesentetur.

106 586 179 652 935.
203 587 378 655 Secundo:
402 591 479 653 hnic
506 592 681 672 pluralitati
698 610 736 653 ac
761 593 907 655 varietati
934 603 1153 673 conceptuum

69 688 239 770 saepeipsa
265 708 374 753 rerum
404 690 561 771 perfectio
583 692 832 755 laudamentum
859 692 982 771 praebet
1009 694 1061 755 his
1087 692 1155 755 lere

70 784 189 854 modis,

108 884 140 950 l⁰
162 886 486 966 Varietatestatuum,
498 891 532 951 in
545 890 665 971 quibus
682 909 734 953 res
748 889 857 953 estvel
873 908 943 952 esse
961 901 1075 968 potest.
1087 892 1156 953 Hoc

72 995 174 1071 pactu,
192 997 228 1051 ut
243 1005 343 1067 supra
357 988 481 1051 dictum
493 998 557 1064 est,
567 1004 770 1070 personama
785 989 966 1051 substantia
980 989 1154 1068 distingui—

73 1107 141 1152 mm
158 1084 316 1172 (teate.
1189 1094 1191 1099 ’

108 1184 357 1249 universitate
382 1185 579 1251 relationum
606 1186 728 1268 quibus
753 1186 867 1251 eadem
889 1187 1007 1249 entitas
1038 1186 1156 1249 funda-

72 1294 218 1349 mentum
234 1284 367 1365 praebet,
385 1295 421 1348 ut
435 1296 533 1349 sunt:

108 1378 142 1469 c)
167 1383 305 1446 varietas
327 1384 512 1456 effectuum,
530 1402 614 1465 quos
629 1402 694 1447 una
720 1385 901 1465 eademque
916 1385 964 1448 vis
981 1384 1156 1466 producit:

74 1483 117 1545 ita
129 1483 165 1547 in
180 1484 288 1547 calore
304 1483 537 1567 distinguimus
554 1483 619 1545 viru
636 1483 833 1556 exsiccandi,
853 1484 1087 1566 liquefaciendi
1102 1495 1158 1548 aut

75 1580 271 1655 obdurandi,
289 1582 387 1643 vitam
402 1581 577 1661 vegetalern
595 1582 741 1653 fovendi,
757 1593 821 1653 etc.
840 1601 848 1647 :

111 1679 141 1761 t)
164 1679 401 1745 similitudines
417 1690 447 1741 et
463 1680 763 1753 dissimilitudines,
781 1669 866 1761 quas'
878 1699 952 1745 cum
970 1681 1045 1743 aliis
1061 1681 1159 1744 rebus

78 1778 186 1842 eadem
201 1796 254 1840 res
273 1779 369 1842 habet
383 1797 392 1842 :
406 1779 525 1842 exinde
540 1797 659 1860 genera
673 1789 705 1842 et
723 1779 913 1843 differentiae
929 1798 936 1844 :

113 1880 140 1961 r)
153 1877 341 1943 relationes
357 1877 486 1957 logice:
504 1877 548 1940 ita
562 1877 715 1940 eumdem
733 1877 902 1941 homiuem
923 1877 1098 1942 considero
1122 1884 1160 1940 ut

78 1976 193 2053 civem,
206 1985 242 2038 ut
258 1977 441 2049 dominum,
461 1985 496 2038 ut
510 1976 691 2050 subditum,
709 1987 745 2040 ut
759 1979 926 2058 cognitum
939 1986 1000 2041 etc.

114 2070 146 2136 3⁰
169 2075 353 2143 Eminentia
367 2075 578 2154 perfeetionis
594 2074 706 2149 unius,
720 2092 793 2153 que
804 2070 995 2155 aequivaleat
1008 2075 1160 2156 pluribus

22 2220 23 2223 ,
79 2170 344 2254 perfectionibus,
362 2192 434 2254 quae
461 2173 495 2236 in
512 2172 727 2251 inferioribus
752 2175 878 2235 naturis
904 2174 1059 2255 disperse
1085 2180 1161 2235 sunt

76 2272 122 2336 rel
138 2273 269 2340 realiter
284 2273 463 2350 distinctam
477 2282 555 2335 tunc
572 2274 764 2352 presertim,
775 2290 876 2354 quum
890 2273 929 2336 ad
948 2273 1064 2336 harum
1077 2270 1159 2336 inle-

77 2374 201 2438 riorum
219 2373 457 2455 perfectionum
473 2371 727 2436 similitudinem
744 2373 926 2453 superioris
948 2373 1039 2434 illius
1054 2371 1161 2433 ideam

78 2472 245 2534 efformare
261 2489 430 2534 conamur.
448 2469 531 2532 lline
553 2479 601 2530 est
626 2470 714 2549 quod
734 2469 767 2531 in
796 2472 861 2534 beo
889 2471 983 2549 plura
1008 2469 1163 2532 attributa

77 2573 252 2652 pluresque
280 2569 487 2649 operationes
517 2567 769 2647 distinguimus,
800 2578 834 2630 nt
861 2585 922 2630 suo
951 2569 1023 2632 loco
1055 2566 1161 2632 fusius
1215 2627 1217 2631 Α

79 2668 306 2731 declarabitur.
318 2666 353 2728 ln
371 2668 433 2729 boo
451 2675 615 2746 postremo
625 2664 1041 2740 casu,distinctlorati0nis
1055 2667 1161 2729 vocari

79 2786 208 2850 quoque
222 2768 304 2832 solet
318 2767 470 2831 virtualis.

509 2933 672 2980 sustentus
696 2935 739 2977 Vl.

220 3047 236 3077 *
254 3047 362 3111 Utrum
376 3047 463 3109 aliud
474 3050 672 3128 praetercurrit
687 3047 894 3110 distinctionis
909 3065 1018 3128 pertus.

122 3163 192 3230 236.
218 3168 392 3230 Psorostno
408 3163 463 3227 lll.
487 3164 601 3228 Praeter
626 3165 852 3227 distinctionem
876 3163 987 3225 realem
1011 3171 1038 3224 et
1066 3161 1163 3224 ratio-

85 3266 131 3328 nis
144 3265 230 3330 modo
254 3266 429 3345 descriptos,
446 3264 536 3326 nullo
549 3264 615 3325 clio
639 3265 806 3338 distinctio,
824 3281 891 3344 pate
909 3262 1072 3334 mediaret,
1089 3260 1165 3322 ossi·

87 3364 290 3445 pmripolest.

34 3473 36 3534 l
125 3461 248 3528 Etenim
273 3461 357 3523 nibil
385 3479 519 3541 prorsus
546 3461 691 3522 medinm
708 3479 778 3522 esse
805 3468 910 3540 potest
937 3458 1023 3520 inter
1048 3455 1165 3518 distin·

35 3577 37 3650 t
90 3561 224 3626 ctionem
246 3559 486 3641 dependentem
501 3559 543 3620 ab
564 3559 744 3653 intellectu,
763 3569 794 3620 et
808 3557 1054 3620 distinctionem
1070 3553 1111 3615 ab
1127 3570 1165 3615 eo

91 3658 369 3740 independentem.
384 3657 453 3719 lam
474 3657 642 3720 distinctio
658 3675 731 3737 quae
757 3657 798 3719 ab
815 3656 982 3718 intellectu
999 3663 1046 3714 est
1072 3651 1165 3713 inde·

92 3756 240 3837 pendens,
267 3757 366 3817 realis
389 3765 453 3831 est;
482 3755 644 3836 quidquid
672 3755 760 3817 enirn
789 3754 885 3816 babet
910 3770 980 3814 esse
1007 3749 1166 3829 indepen-

94 3855 198 3917 denter
211 3853 250 3916 ab
265 3854 432 3917 intellectu
449 3855 535 3916 reale
559 3862 620 3917 est.
639 3853 811 3916 ltistinctio
828 3869 903 3914 vero
920 3868 992 3933 quae
1014 3848 1055 3912 ab
1070 3847 1166 3911 intel-

95 3952 171 4020 lectu
184 3962 230 4016 est
244 3952 446 4034 dependens,
464 3951 633 4015 distinctio
648 3960 695 4015 est
713 3950 861 4014 rationis.
