2792 4600
186 329 250 395 llll
642 346 813 392 onroxocm.

182 468 351 553 secuudum
372 465 427 527 doc
448 467 549 547 ipsum
568 463 714 545 objectum
729 487 738 524 .·
756 464 788 524 id
813 460 900 550 quod
921 461 954 522 in
978 458 1069 523 omni
1096 457 1275 521 affirmante

174 563 601 627 ‘ratiocinioconcluditun
680 624 684 638 ,
1054 640 1062 647 ἣ

230 660 303 725 ead.
318 664 412 726 Dices
429 662 574 740 tortasse,
592 669 710 743 praeter
729 659 824 721 binas
838 658 933 721 hasce
946 655 1181 738 expositiones,
1194 651 1275 714 duas

185 761 269 823 alias
290 763 366 825 addi
384 771 536 844 oportere
551 781 560 838 ;
578 779 697 842 nempe
715 762 746 824 1ο
766 758 854 839 quod
879 758 944 821 duo
961 762 1138 835 conceptus
1158 769 1275 816 conve-

187 859 282 921 uiant
294 880 368 923 cum
385 864 482 925 tertio
499 860 680 924 seeundum
696 867 789 922 notas
815 858 936 938 quihus
948 857 1135 920 coalescunt
1152 872 1160 931 ;
1177 867 1285 932 quam.

127 993 129 997 v
188 957 393 1021 identitatem
412 960 444 1021 in
463 959 567 1039 logica
588 959 633 1037 (L.
651 956 702 1037 at)
719 956 863 1018 diximus
886 952 1096 1016 intrinsecam
1113 951 1172 1016 :2⁰
1186 948 1275 1030 quod

187 1055 262 1118 duae
279 1074 330 1118 res
345 1057 541 1120 conveniant
552 1075 627 1119 cum
651 1055 746 1117 tertia
768 1053 949 1116 secundum
966 1069 1048 1114 rem.

137 1231 142 1238 ,
230 1156 424 1237 Respondeo
441 1174 506 1220 non
521 1174 616 1236 posse
633 1154 836 1237 principium
853 1152 916 1215 hoo
930 1152 993 1213 alia
1005 1152 1143 1224 ratione,
1159 1155 1277 1229 preter

189 1251 357 1333 duplicem
384 1255 625 1335 expositionem
647 1272 747 1335 supra
775 1250 926 1332 positam,
955 1249 1123 1330 explicari.
1154 1249 1278 1312 Revera

187 1351 351 1431 expositio
371 1355 568 1433 quae'primo
594 1351 667 1414 loco
682 1349 875 1432 opponitur,
897 1348 1064 1411 reducitur
1079 1346 1118 1409 ad
1136 1346 1277 1425 primam

188 1449 297 1513 datam
322 1450 426 1529 (⁶2l9lz
452 1451 518 1514 duo
534 1451 622 1512 enim
646 1459 836 1530 conceptus,
865 1448 928 1511 hoc
943 1448 1016 1529 ipso
1038 1444 1126 1527 quod
1143 1446 1278 1508 intense
1369 1506 1372 1509 .

187 1551 390 1612 conveniunt
406 1551 513 1631 quoad
530 1563 622 1612 notas
639 1549 760 1631 quibus
776 1555 937 1622 constant,
956 1554 1031 1609 sunt
1046 1547 1119 1607 duae
1135 1556 1186 1606 res
1203 1560 1277 1624 quae

188 1646 309 1708 realem
328 1647 412 1710 inter
427 1636 462 1710 se
475 1647 654 1710 identitatis
667 1648 861 1710 relationem
876 1646 1017 1708 hahent:
1035 1651 1066 1705 et
1079 1645 1148 1705 lraec
1160 1641 1277 1704 relatio

189 1752 237 1805 est
254 1745 436 1808 secundum
462 1763 563 1808 unum
587 1753 795 1825 conceptum,
813 1761 932 1824 nempe
962 1742 1143 1805 secundum
1162 1757 1279 1803 conce·

190 1853 283 1923 ptum
298 1845 540 1924 repraesentantis
555 1853 667 1905 certum
679 1842 837 1923 objectum.

234 1943 402 2023 Expositio
425 1954 532 2006 autem
549 1942 648 2004 altera
670 1953 717 2005 est
734 1941 875 2009 absurda
893 1960 1038 2023 prorsus,
1062 1949 1095 2003 ut
1111 1957 1183 2021 quae
1198 1954 1278 2002 con·

190 2043 421 2106 tradietionem
440 2043 592 2106 includit.
611 2041 694 2114 Quid
712 2044 796 2106 enim
811 2043 984 2124 significat,
998 2043 1079 2104 duas
1091 2060 1143 2104 res
1158 2058 1277 2104 conve-

142 2126 148 2135 ’
190 2144 264 2204 nire
280 2160 355 2204 cum
369 2143 462 2204 tertia
478 2142 586 2222 quoad
599 2159 678 2214 rem,
694 2142 757 2204 nisi
775 2141 863 2223 quod
879 2143 905 2206 A
922 2151 952 2203 et
968 2141 1003 2215 Β,
1021 2158 1093 2220 quae
1113 2147 1188 2201 sunt
1204 2138 1278 2200 duee

188 2259 241 2303 res
256 2248 332 2302 sunt
354 2240 452 2303 simul
470 2258 533 2304 une
555 2258 618 2318 res,
642 2241 788 2323 itemque
812 2238 899 2322 quod
916 2240 938 2303 G
953 2249 983 2302 et
999 2238 1022 2301 B
1039 2239 1178 2312 duceres
1200 2232 1278 2300 sunt

181 2339 337 2426 'etsimul
355 2357 418 2400 una
432 2358 440 2415 ;
455 2340 496 2399 ita
514 2349 549 2401 ut
569 2348 746 2419 utrumque
769 2358 826 2420 par
842 2347 874 2401 et
890 2338 1010 2401 realem
1030 2335 1278 2400 distinctionem

187 2445 220 2499 et
247 2440 367 2498 realem
402 2438 561 2499 unitatem
585 2436 763 2518 praeierat?
793 2436 890 2517 Atqui
914 2437 979 2498 hoc
999 2436 1095 2518 plane
1117 2445 1280 2517 repugnat

188 2531 462 2614 (dilucideque
475 2534 564 2596 dicas
578 2534 611 2596 in
621 2534 852 2614 augustissima
874 2533 1030 2597 Trinitate
1043 2534 1186 2614 singulas
1202 2552 1278 2614 per·

188 2653 286 2698 sonas
302 2637 477 2719 convenire
493 2635 625 2698 realiter
640 2654 715 2698 cum
732 2636 882 2698 essentia.
900 2633 980 2696 Nam
997 2636 1136 2698 essentia
1151 2644 1280 2699 nonest
1379 2631 1380 2638 ’

189 2735 339 2815 quaedam
370 2752 455 2795 resa
482 2736 631 2815 personis
647 2753 682 2796 re
708 2734 872 2811 distincta,
900 2734 957 2797 sed
980 2734 1106 2797 ratione
1121 2736 1236 2798 solum
1260 2752 1279 2796 a

188 2833 330 2912 singulis
349 2832 497 2912 personis
515 2832 741 2912 distinguitur.
759 2832 805 2895 Ac
820 2840 978 2912 praeterea
998 2832 1150 2894 identitas
1166 2850 1279 2913 persn-

188 2948 306 2993 narum
321 2948 395 2992 cum
408 2931 549 2992 essentia
562 2930 683 2993 dicitur
695 2931 879 3005 realis‚non
896 2931 1030 3011 quiaest
1041 2931 1156 2995 relatio
1165 2932 1276 3007 realis,

187 3029 246 3116 sed
263 3029 340 3108 quia
367 3029 519 3091 identitas
547 3048 607 3111 pro
630 3032 754 3092 unitate
776 3038 952 3112 usurpatur
977 3030 1061 3107 (att,
1082 3029 1137 3109 4⁰).
1152 3027 1218 3094 ¹Sed
1236 3031 1279 3095 de

189 3128 254 3190 hoc
270 3127 332 3187 alia
347 3145 434 3189 mox.
826 3197 828 3202 ¹

230 3225 302 3289 111.
320 3225 505 3306 applicatio
515 3227 671 3308 principii
686 3227 864 3290 identitatis
874 3226 1067 3290 nonnullam
1078 3227 1279 3309 quandoque

188 3326 268 3387 iacit
289 3317 512 3387 difficultatem
533 3345 541 3405 ;
565 3345 637 3406 quae
661 3335 782 3399 tamen,
806 3327 832 3389 si
857 3326 942 3389 dicta
964 3327 1066 3409 probe
1091 3337 1276 3403 teneantur,

188 3422 316 3485 nullius
332 3423 454 3502 negotii
468 3425 541 3486 erit.

230 3520 367 3582 Adverte
383 3521 483 3600 igitur
499 3520 531 3582 1ο
547 3521 584 3582 ad
603 3531 689 3583 recte
704 3517 936 3602 applicandum
954 3522 1153 3602 principium
1174 3523 1276 3601 istud,

187 3636 291 3700 quum
315 3617 354 3678 de
372 3617 469 3680 rebus
492 3617 593 3680 finitis
609 3619 726 3698 agitur,
745 3620 807 3681 tria
827 3621 985 3682 servanda
1006 3638 1097 3688 esse:
1114 3626 1144 3700 a)
1160 3631 1196 3686 ut
1211 3631 1279 3686 tres

187 3722 327 3785 omnino
350 3718 482 3780 termini
504 3727 721 3791 assumantur,
739 3736 746 3780 :
761 3718 788 3797 l)
812 3727 848 3781 ut
870 3737 954 3780 unus
971 3728 1001 3781 et
1026 3720 1107 3781 alter
1126 3738 1277 3785 seorsum

186 3838 264 3882 cum
280 3817 376 3881 tertio
399 3827 430 3878 et
450 3814 511 3877 sub
533 3816 647 3879 eodem
676 3826 825 3896 respectu
842 3827 1092 3898 comparentur;
1114 3837 1233 3901 nempe
1248 3824 1276 3884 si

188 3917 343 3983 identitas
358 3916 463 3995 logica
475 3927 535 3989 est,
552 3922 784 3996 comparentur
799 3924 863 3978 tres
885 3916 967 3978 ideae
989 3917 1170 3979 secundum
1187 3920 1277 3983 idem

187 4018 364 4098 objectum,
383 4015 410 4076 si
427 4014 580 4077 identitas
604 4015 701 4076 realis
723 4024 782 4088 est,
805 4016 868 4076 tria
893 4014 1019 4095 objecta
1042 4031 1277 4097 comparentur
