2792 4600
424 355 510 400 ursan
532 355 665 414 suarius,
689 355 781 402 curun
803 357 824 402 1.
1111 340 1172 405 35⁸1

130 472 187 535 530
211 469 374 544 Quaeritur
392 468 471 549 jam,
503 484 654 550 quaenam
680 470 809 534 realitas
836 475 1049 555 conceptibus
1079 473 1171 538 hisce

92 569 292 650 respondeat.
309 570 547 633 Recenseamus
563 571 671 652 primo
688 561 963 652 philosophorum
982 573 1169 653 opiniones.

131 667 342 740 Democritus,
359 667 532 748 Epicurus,
550 669 674 749 aliique
696 689 734 733 ex
750 672 874 750 graecis,
892 672 1013 752 quibus
1026 672 1102 735 dein
1115 673 1172 734 ad·
1282 662 1285 667 ’

92 769 178 831 haesit
199 765 395 843 Gassendus,
419 774 576 846 putarunt
596 768 739 848 spatium
766 777 854 831 extra
880 780 1022 833 mentem
1044 789 1115 834 esse
1137 772 1171 834 in

90 864 240 930 omnibus
255 864 401 944 idipsum
414 866 501 946 quod
514 884 574 929 nos
586 867 805 947 concipimus,
816 869 1038 931 extensionem
1052 887 1171 950 nempe

91 983 160 1028 vere
173 963 376 1040 existentem,
396 982 573 1046 rerumque
589 967 738 1028 omnium
752 967 992 1048 receptaculum
1009 968 1171 1030 inlinitum

90 1072 120 1146 ‚et
132 1063 311 1126 increatum
330 1081 338 1139 ;
355 1082 427 1145 quae
450 1064 578 1127 nullum
593 1065 729 1145 quidem
744 1084 863 1146 corpus
880 1066 934 1141 sit,
953 1065 1171 1128 nihilominus

91 1162 130 1224 sit
140 1160 288 1241 quedem
304 1180 368 1236 res,
393 1179 460 1224 non
475 1162 656 1225 substantia
683 1162 829 1244 profecto
857 1181 917 1227 nec
932 1163 1096 1240 accidens,
1114 1163 1171 1225 sed

90 1260 230 1324 medinm
247 1260 406 1340 quiddam
422 1261 508 1323 inter
520 1270 709 1343 utrumque.

28 1383 29 1456 ἑ
127 1358 289 1423 Cartesius
303 1378 342 1421 ex
369 1361 483 1422 suade
505 1361 702 1441 corporibus
724 1362 885 1424 sententia
907 1362 968 1441 (26)
996 1361 1172 1436 conclusit,

89 1458 224 1537 spatium
243 1457 307 1521 hoc
321 1475 514 1522 essenorum
527 1477 658 1539 corpus,
678 1477 745 1522 non
762 1460 1005 1539 imaginarium,
1018 1459 1074 1523 sed
1088 1461 1174 1523 reale

28 1599 29 1622 i
92 1556 170 1634 (255,
186 1557 246 1635 2⁰).

125 1654 311 1731 Newtonus,
329 1655 506 1731 Clarelrius,
525 1658 747 1738 nonnullique
765 1657 821 1719 alii
839 1677 877 1720 ex
892 1658 1009 1738 Anglia
1026 1658 1172 1738 philoso-
1199 1689 1202 1695 ·

90 1753 142 1835 phi
160 1753 318 1835 idipsum,
333 1755 421 1836 quod
437 1757 631 1830 casnedus,
655 1756 696 1819 de
711 1756 817 1836 spatio
832 1766 1016 1830 senserunt,
1032 1756 1173 1818 affirma-

90 1860 225 1931 rumque
243 1860 410 1933 preterea,
427 1854 569 1934 spatium
592 1872 664 1916 esse
678 1854 871 1916 attributum
888 1854 1007 1916 dirinae
1023 1854 1173 1916 substan·
1219 1928 1222 1934 Ι

89 1951 149 2024 tite,
165 1968 286 2031 nempe
303 1952 568 2016 immensitatem.
588 1951 729 2033 'Aliquid
755 1952 865 2014 simile
889 1951 1013 2015 dixerat
1035 1952 1175 2031 insignis

90 2049 258 2129 theologus
274 2049 462 2114 leonardus
478 2052 606 2115 Lessius
619 2076 629 2127 ,·
641 2052 698 2133 qui
716 2061 824 2114 temen
841 2071 907 2114 non
923 2053 964 2113 de
980 2051 1172 2132 spatinreali

90 2150 210 2212 loeutus
226 2166 299 2210 esse
311 2148 450 2226 videtur,
460 2150 516 2213 sed
530 2151 639 2230 potius
650 2150 691 2212 de
703 2149 831 2230 origine
844 2148 1172 2230 possibilitatisspatii
1286 2223 1287 2226 Ἴ

92 2246 185 2310 retiis
212 2262 253 2309 t.

129 2248 250 2410 cunuti
266 2348 324 2409 ltos
340 2348 538 2411 Leibnitzius
560 2348 741 2422 contendit,
762 2348 904 2433 spatium
929 2347 976 2409 nil
994 2346 1084 2410 aliud
1103 2363 1173 2409 esse

29 2438 30 2443 ’
93 2448 184 2525 quam
196 2444 339 2507 ordinent
352 2447 604 2509 stnuuaneorum
628 2446 836 2508 existentium.
860 2438 961 2520 Quam
982 2445 1176 2509 sententiam

93 2543 352 2622 praeformaverat
373 2543 500 2618 Scotus,
517 2562 621 2624 quum
637 2544 762 2629 docuit,
783 2544 893 2606 locum
910 2561 982 2605 esse
999 2543 1177 2605 relationem

92 2643 274 2705 continentis
288 2644 329 2705 ud
340 2661 404 2704 rent
418 2651 601 2704 contentum.
617 2642 711 2704 iuxta
728 2641 811 2703 hanc
826 2643 1020 2704 sententiam
1044 2641 1177 2703 leibnit-

92 2741 171 2803 aiani
184 2741 329 2821 spatium
345 2742 431 2802 reale
444 2759 461 2802 a
474 2739 625 2821 possibili
638 2739 886 2819 distinguentes,
902 2740 965 2802 hoc
976 2739 1114 2802 delinire
1129 2756 1180 2802 so·

93 2840 198 2903 lebant
215 2857 224 2904 ι
239 2840 472 2921 possibilitatem
490 2840 690 2902 wcondmtm
705 2856 880 2919 corporum.
903 2862 905 2865 ·

30 2954 31 2989 1
131 2940 231 3002 Paulo
245 2939 340 3001 aliter
351 2938 478 3019 antiqui
492 2938 725 3001 nonnulliante
736 2937 945 2999 Aristotelem
958 2943 1178 3012 asseruerunt,

94 3038 231 3118 spatium
247 3046 323 3100 ante
338 3055 476 3116 corpora
489 3047 596 3099 mente
611 3035 747 3116 quidem
761 3036 890 3116 concipi
908 3044 944 3098 ut
956 3035 1181 3100 extensionem

95 3145 199 3217 aptam
215 3136 258 3199 ed
270 3153 410 3216 corpora
425 3127 606 3198 successive
619 3134 826 3214 recipienda:
841 3135 925 3196 lianc
941 3151 1016 3197 vero
1028 3133 1182 3214 aptitudi-

94 3253 166 3299 nem
188 3253 344 3299 nonense
367 3235 557 3313 potentiam,
575 3252 648 3315 quae
675 3236 710 3295 iu
733 3233 895 3312 eiusmodi
916 3233 1107 3296 extensione
1126 3234 1179 3308 sit,

30 3344 32 3427 l
94 3334 147 3397 aad
172 3337 447 3416 potentiamque
470 3343 518 3396 est
541 3335 575 3396 in
602 3332 810 3413 corporibus.
837 3332 991 3412 Ejusdem
1014 3330 1183 3421 sententie

31 3446 32 3451 ¹
96 3430 154 3495 luit
169 3449 245 3496 curn
264 3433 462 3513 quibusdam
483 3432 557 3494 aliia
583 3431 759 3495 Avicenna.
775 3433 865 3494 luxta
880 3449 978 3509 quam
995 3429 1090 3492 Card.
1109 3429 1183 3494 Pto·

96 3530 227 3594 lemnus
241 3535 290 3609 (t),
304 3531 428 3612 aliique
436 3531 784 3609 recentiorcsspatium
798 3528 984 3591 absolutum
994 3528 1078 3589 nihil
1092 3527 1183 3590 aliud

31 3640 32 3649 ¹
96 3646 162 3691 esse
191 3630 297 3704 aiunt,
328 3647 425 3710 quarn
461 3628 691 3709 possibilitatem
718 3645 894 3707 corporum,
920 3627 1095 3687 extensione
1118 3625 1186 3687 solo

94 3737 274 3890 Wlfflin
291 3828 399 3892 llantii
425 3827 539 3910 opinio
555 3826 626 3899 fuit,
641 3836 675 3888 ut
691 3824 770 3886 alibi
797 3823 971 3887 retulimus
985 3822 1031 3898 (t.
1044 3821 1182 3899 didit,

124 3974 156 4027 (lt
167 3974 200 4020 lic
216 3975 265 4021 div.
276 3973 336 4033 perf.
354 3975 406 4022 Lib.
424 3975 455 4022 ll.
466 3987 486 4020 c.
499 3972 530 4021 ll.
548 3973 607 4029 tto.
896 3996 910 4023 ο

123 4050 157 4108 (2)
168 4048 324 4110 Philosophia
334 4049 420 4098 mentia
434 4047 660 4096 erementanos.
677 4045 718 4092 ll.
737 4043 809 4103 Phys.
825 4044 881 4092 ldet.
894 4049 953 4090 tect.
963 4041 1006 4097 Μ
1022 4040 1087 4089 xlv.
