2792 4600
574 325 578 329 .
630 280 802 328 (turoneum.

612 430 774 477 tnrrcutns
797 430 831 475 ιι.

398 602 403 611 .
504 545 544 607 De
565 555 710 627 conceptu
731 544 952 607 multitudinis.

129 682 131 687 '
220 676 271 739 98.
296 675 393 740 Multa
423 688 498 740 sunt
517 697 585 760 quae
606 679 641 740 in
666 679 770 758 aliquo
797 676 936 738 totitatis
953 693 1062 757 penore
1087 676 1268 738 divisionem

180 776 314 838 hadent:
331 777 418 840 unde
438 779 615 841 multitudo
632 789 679 840 est
698 779 814 839 eutium
829 777 951 838 divisio.
973 776 1049 849 Quae
1064 774 1184 837 divisio
1200 791 1267 838 non

181 874 243 935 hoo
255 876 355 937 modo
368 890 415 938 est
431 877 655 957 intelligenda,
670 877 758 957 quod
772 876 875 937 multa
887 875 953 936 sint
965 894 1001 936 ea
1013 874 1180 953 duntaxat,
1194 890 1269 953 quac

180 983 327 1053 separata
343 984 464 1037 suntet
480 977 571 1038 nulio
588 977 675 1036 inter
691 993 726 1038 so
743 993 827 1036 nexu
853 975 1040 1053 conjuncta,
1058 972 1115 1033 sed
1131 972 1176 1033 ita
1190 989 1267 1033 sane

181 1072 269 1150 quod
286 1074 388 1135 muita
404 1074 468 1137 sint
484 1092 531 1146 ea,
550 1092 691 1154 quorum
708 1092 811 1135 unum
834 1091 900 1134 non
918 1080 965 1135 est
980 1070 1082 1132 aliud.
1100 1070 1155 1132 Sic
1170 1091 1199 1134 v.
1217 1087 1265 1150 gr.

182 1180 288 1251 partes
300 1190 373 1252 quaa
386 1181 489 1234 totum
502 1174 705 1235 constituunt
721 1174 904 1251 conjunctae
916 1188 992 1232 sunt
1004 1179 1035 1231 et
1047 1171 1146 1232 simui
1159 1170 1268 1233 cohar-

181 1279 263 1343 rem,
285 1280 317 1339 et
331 1271 552 1334 nihilominus
568 1279 648 1333 sunt.
661 1272 771 1334 multae
792 1278 911 1351 partes,
930 1270 1007 1350 quia
1031 1286 1095 1332 una
1112 1286 1186 1349 pars
1200 1286 1266 1331 non

182 1371 356 1442 estaitera,

222 1470 234 1492 *
255 1469 306 1533 99.
331 1471 437 1544 Quaeri
463 1481 580 1551 potest,
596 1480 627 1534 et
643 1471 823 1533 attentione
839 1471 937 1551 digna
959 1468 1096 1551 quaestio
1111 1476 1168 1542 est,
1186 1467 1267 1548 quid

182 1568 273 1650 prius
290 1587 383 1630 mens
402 1579 593 1649 cognoscam
605 1589 645 1632 an
663 1570 833 1642 unitatem,
851 1587 891 1630 an
912 1586 988 1631 vero
1011 1567 1268 1629 multitudinem.

181 1667 261 1730 Nam
292 1676 378 1730 certe
406 1669 584 1732 multitudo
613 1689 650 1731 ex
685 1669 867 1731 unitatibus
894 1677 1037 1743 constat,
1069 1666 1125 1730 sed
1155 1677 1268 1729 contra

110 1780 120 1791 ·
182 1765 301 1827 divisio
314 1774 388 1828 ante
403 1766 573 1829 divisionis
591 1768 807 1849 privationem
823 1765 975 1847 cognosci
988 1764 1096 1828 debet.
1113 1764 1192 1827 Cum
1206 1764 1268 1844 igi-

184 1874 236 1925 tur
258 1865 366 1927 unitas
389 1865 558 1933 divisionis
592 1867 771 1947 privatione
796 1866 1014 1938 contineatur,
1038 1872 1069 1925 et
1091 1863 1268 1926 multitudo

133 2019 139 2034 ,
183 1962 345 2025 divisione
361 1973 497 2040 constet,
516 1964 692 2026 multitudo
708 1973 782 2025 ante
803 1964 960 2026 unitatem
980 1961 1132 2042 cognosci
1149 1960 1268 2024 debere

182 2061 321 2125 videtur.

224 2161 500 2242 Respondondum
516 2181 591 2224 cum
614 2164 648 2227 S.
665 2162 802 2236 Thoma,
821 2169 937 2224 natura
962 2169 1066 2224 suaet
1091 2161 1124 2221 in
1152 2159 1279 2223 ordine.

107 2312 109 2315 .
182 2260 338 2323 realitatis
361 2261 452 2342 prius
482 2266 551 2324 esse
580 2280 683 2325 unum
714 2280 811 2343 quam
839 2261 950 2336 multa,
975 2269 1006 2325 et
1034 2261 1266 2324 indivisionem

182 2359 359 2433 divisione;
377 2360 432 2421 sed
450 2360 631 2423 secundum
653 2362 951 2441 apprehensionem
969 2371 1112 2424 nostram
1131 2360 1267 2423 divisio·
1340 2362 1342 2364 ’

180 2456 388 2537 ηἰεηιιίᾶεῐη
418 2466 614 2537 conceptum
634 2460 825 2521 antecedere
850 2469 1028 2539 conceptus
1057 2457 1266 2521 indivisionis

179 2564 210 2616 at
227 2556 377 2631 unitatis3
395 2556 553 2640 unitatem
578 2557 796 2618 nihilominus
818 2561 970 2637 cognosci
988 2567 1062 2619 ante
1079 2557 1266 2620 multitudi-

179 2670 266 2715 ncm.
286 2675 300 2710 u
318 2651 464 2733 Oportet,
483 2653 525 2715 ita
542 2655 622 2734 ipse,
638 2654 726 2735 quod
741 2654 860 2717 divisio
876 2656 918 2716 sit
935 2655 1026 2735 prius
1043 2656 1178 2729 unitate,
1198 2673 1264 2718 non

114 2739 118 2747 ’
181 2775 194 2808 α
220 2752 427 2832 simpliciter,
452 2754 509 2813 sed
539 2754 720 2815 secundnm
749 2753 909 2815 rationem
941 2764 1062 2817 nostrae
1081 2755 1265 2835 apprehen·

114 2888 124 2896 κ
181 2875 194 2909 r
220 2851 334 2914 sionis.
365 2852 768 2932 Apprehendimnscnim
792 2852 956 2933 simplicia
987 2871 1044 2933 per
1070 2854 1262 2932 composita.

180 2973 193 3008 v
218 2950 310 3014 Unde
333 2950 509 3013 definimus
533 2960 700 3031 punctum,
716 2952 804 3031 cujus
823 2972 897 3032 pars
919 2972 983 3014 nou
1004 2963 1057 3027 eat,
1074 2953 1123 3014 vel
1143 2953 1264 3033 prinei·

179 3049 302 3130 «pium
331 3049 427 3112 lineo.
453 3049 514 3112 Sed
546 3051 732 3125 multitudo,
762 3051 860 3113 ctiam
884 3053 1064 3113 secundum
1092 3055 1262 3126 rationem,
1293 3054 1295 3056 ’

178 3168 191 3201 r
216 3158 456 3229 consequenter
472 3168 506 3210 se
523 3149 619 3211 habet
635 3149 675 3210 ad
693 3168 795 3212 unum
814 3168 821 3213 :
840 3152 920 3231 qnia
936 3151 1040 3212 divisa
1056 3168 1122 3212 non
1140 3150 1263 3211 inteiii-

179 3268 192 3300 α
217 3245 323 3324 gimus
341 3247 460 3309 hahere
483 3248 643 3309 rationem
667 3248 903 3322 multitudinis,
921 3249 985 3310 nisi
1009 3266 1067 3330 per
1098 3250 1157 3310 hoc
1173 3247 1262 3328 quod

179 3366 192 3400 u
216 3344 348 3423 utrique
364 3343 545 3405 divisorum
561 3344 771 3407 attribuimus
787 3347 945 3408 unitatem
961 3364 969 3411 :
983 3347 1071 3408 unde
1083 3366 1185 3408 unum
1203 3366 1261 3426 po-

179 3464 192 3497 «
217 3441 308 3502 nitur
323 3441 357 3501 in
380 3440 571 3502 definitione
587 3442 698 3504 unius.
717 3442 779 3503 Sed
797 3442 914 3505 divisio
932 3442 1018 3505 cadit
1035 3444 1068 3505 in
1093 3444 1261 3530 intellectu

178 3563 191 3594 α
216 3557 254 3601 ex
271 3538 340 3618 ipsa
357 3538 528 3617 negatione
540 3540 636 3614 entis,
654 3541 696 3600 ita
713 3541 800 3619 quod
819 3542 927 3622 primo
944 3542 1029 3604 cadit
1041 3543 1075 3603 in
1092 3544 1261 3620 intellectu

178 3662 191 3697 a
216 3632 281 3713 ena
294 3638 439 3701 secundo
452 3637 540 3718 quod
554 3638 617 3701 hoe
630 3658 687 3701 ens
700 3657 766 3702 non
780 3649 827 3702 est
839 3640 921 3703 illud
936 3655 1046 3714 ens,et
1057 3642 1105 3704 sic
1116 3644 1261 3705 secundo

177 3762 190 3793 u
213 3734 493 3816 apprehendimus
521 3734 712 3809 diuisionem,
730 3736 826 3798 tertio
847 3755 956 3813 unum,
974 3746 1090 3819 quarto
1119 3740 1260 3802 multitu·

178 3856 191 3889 r
215 3833 327 3895 dinem.
345 3856 360 3890 n
379 3835 415 3910 (r)
1096 3851 1099 3857 ·

196 3947 234 4000 'tii
244 3945 309 3992 Sum.
322 3945 362 3992 rt.
375 3959 397 4003 p.
407 3947 428 3990 i.
440 3958 462 4004 q.
475 3945 516 3993 Xl.
528 3955 572 3991 art.
583 3943 614 3991 tt.
626 3944 655 3991 ad
665 3946 687 3989 t.
