2792 4600
184 304 245 369 sot
631 319 822 365 cosnosoon.

125 405 137 420 ⁰
181 439 288 502 atione
304 434 459 515 probatis,
474 433 628 513 colligere
641 452 827 514 possumus,
847 432 1075 514 primigeniam
1092 450 1269 513 corporum

182 519 376 599 nativitatem
392 532 454 595 sub
475 532 564 595 hisce
583 532 688 595 tribus
711 532 827 603 formis
849 532 935 594 exeri
955 551 962 596 :
981 533 1013 593 l⁰
1031 543 1066 595 nt
1085 531 1270 613 simplicem

180 633 380 696 resistentiam
400 631 441 694 ad
465 630 725 712 penetrationem
754 630 998 711 impediendam
1017 647 1025 694 :
1044 632 1078 694 2⁰
1100 638 1134 692 ut
1158 629 1272 710 impul·

179 750 259 807 sum,
276 749 342 812 quo
357 747 461 794 unum
473 747 592 809 eorpus
608 727 748 792 alterum
763 730 803 793 ad
819 741 945 793 motum
958 729 1171 793 determinat:
1187 729 1272 791 5⁰·ut

149 883 152 894 .
178 834 361 896 retentionem
376 849 441 913 qua
454 847 574 910 eorpus
582 829 760 892 reluctatur
774 830 931 910 impulsui
941 829 1088 905 alterius,
1105 847 1145 891 ne
1157 848 1173 890 e
1186 835 1271 892 statu

179 924 417 1015 quem‘obtinot
431 928 634 991 deturbetur.
646 929 749 991 Porro
766 927 806 989 de
819 927 928 1008 primo
944 926 1190 991 actionismodo
1200 925 1268 1006 jam

179 1029 323 1094 diximus
338 1048 347 1094 ς
379 1031 489 1110 itaque
504 1044 606 1110 pauca
621 1027 661 1089 de
676 1027 779 1092 altero
794 1045 831 1089 ac
856 1027 971 1106 tertio;
985 1045 1022 1090 aa
1037 1026 1114 1089 dein
1141 1024 1270 1107 aliquid

179 1130 221 1194 de
235 1131 406 1193 activitatis
422 1146 590 1210 corporeae
606 1125 776 1190 effectibus
791 1126 1019 1208 subjiciemus.

221 1231 292 1295 191.
316 1246 486 1293 enorosrrro
508 1227 545 1293 V.
575 1225 677 1290 Unum
703 1245 815 1308 eorpus
829 1228 959 1290 alterum
981 1228 1130 1310 impellere
1149 1227 1268 1310 aequit,

177 1331 241 1392 alsi
251 1331 352 1410 ipsum
363 1347 478 1410 quoque
494 1328 532 1390 ab
548 1327 611 1389 olio
625 1328 665 1388 sit
677 1327 855 1408 impulsum.

217 1429 299 1494 Nam
314 1446 433 1509 corpus
457 1443 523 1490 non
542 1435 648 1508 potest
665 1427 803 1490 alterum
818 1425 1001 1505 impellere,
1023 1425 1087 1487 nisi
1103 1425 1142 1487 ad
1158 1424 1267 1505 ipsum

177 1529 360 1592 accesserit.
377 1525 490 1609 Neque
505 1529 566 1589 hoo
582 1525 718 1603 sufficit;
745 1526 800 1588 sed
823 1544 954 1588 neeesse
974 1534 1021 1588 est
1041 1534 1209 1606 praeterea,
1232 1532 1270 1586 ut

177 1646 301 1710 eorpus,
312 1627 497 1708 impellens,
526 1626 560 1687 in
575 1643 614 1688 eo
629 1625 701 1706 ipso
722 1626 810 1707 quod
829 1624 867 1687 ad
898 1625 1035 1689 alterum
1052 1623 1187 1699 aceedit,
1217 1623 1268 1705 ip·

178 1745 318 1808 sumque
346 1726 461 1807 tangit,
479 1725 522 1788 sit
537 1735 609 1788 aeto
625 1726 892 1801 determinatum,
909 1733 965 1788 aut
984 1724 1197 1788 sollicitatum
1227 1720 1268 1784 ad

178 1834 316 1890 motum.
334 1826 433 1888 secus
446 1824 536 1887 nulla
553 1827 635 1887 ratio
652 1833 747 1902 esset,
761 1842 820 1887 eur
835 1842 954 1906 eorpus
970 1824 1108 1886 alterum
1125 1823 1200 1885 loeo
1216 1840 1267 1885 ex·

177 1924 333 1987 turbaret.
347 1924 410 1987 Sed
424 1921 553 1986 nullum
565 1942 684 2005 eorpus
697 1924 841 2005 seipsum
854 1924 894 1985 ad
908 1931 1033 1986 motum
1045 1920 1269 1984 determinare

177 2031 233 2085 aut
248 2023 425 2086 sollicitare
441 2023 533 2085 valet.
551 2024 636 2103 Ergo
650 2032 685 2086 ut
698 2041 800 2086 unum
813 2041 932 2104 corpus
944 2025 1083 2085 alterum
1104 2019 1265 2102 impellat,

177 2137 310 2184 neeesse
324 2128 420 2183 estut
434 2121 568 2184 aliunde
583 2120 624 2183 ad
641 2130 766 2185 motum
780 2137 945 2203 urgeatur.

218 2220 289 2286 195.
308 2220 390 2282 ilinc
405 2220 554 2303 sequitur
569 2222 601 2284 10
617 2221 681 2284 vim
697 2222 907 2304 repulsivam,
926 2240 1129 2305 quacunque
1142 2221 1199 2283 illa
1211 2220 1265 2295 sit,

175 2338 195 2384 a
209 2319 239 2382 vi
256 2320 660 2415 resistendialiquomodo
673 2321 844 2402 distingui.
861 2324 942 2387 Nam
952 2320 1267 2404 quamviseonceda-

175 2434 250 2483 mus
271 2417 336 2480 vim
356 2418 554 2499 repulsivam
571 2438 589 2480 a
606 2420 636 2480 vi
654 2420 827 2483 resistendi
847 2424 1052 2502 promanare,
1070 2438 1136 2486 non
1155 2430 1265 2485 tamen
1371 2458 1372 2481 2

175 2517 243 2579 sola
255 2516 283 2578 vi
299 2517 473 2579 resistendi
490 2518 608 2599 posita,
626 2518 689 2581 hoe
705 2519 778 2600 ipso
796 2521 844 2583 vis
860 2520 1191 2602 habetur‘repulsiva.
1210 2523 1268 2587 Vis

172 2614 263 2677 enim
293 2612 458 2694 repulsiva
479 2616 625 2707 impulsu
644 2617 756 2699 aliquo
777 2620 881 2684 activo
897 2616 1074 2683 eneroetur.
1100 2620 1266 2702 lmpulsus
1370 2666 1371 2669 κ

174 2722 283 2775 autem
311 2713 447 2790 activus,
469 2725 586 2795 praeter
605 2717 778 2779 resistendi
801 2717 880 2796 vim,
902 2719 1081 2800 impulsum
1100 2720 1265 2801 passivum

174 2808 215 2872 ab
231 2809 417 2890 impellente
433 2823 599 2894 receptum
615 2816 784 2895 supponit.

128 2924 135 2938 ·
215 2909 248 2971 2⁰
264 2908 345 2973 (lum
362 2912 488 2990 pressio
509 2912 551 2974 sit
571 2913 733 2995 impulsus
751 2915 886 2997 quidam
905 2916 1142 2981 moleaularum
1163 2919 1265 2983 unius
1368 2910 1369 2929 ³

173 3007 322 3086 eorporis
350 3009 384 3070 in
405 3011 554 3091 eorporis
577 3011 712 3075 alterius
734 3014 925 3090 moloculas‚
949 3015 1095 3097 idipsum
1117 3015 1157 3079 de
1173 3035 1279 3098 presq
1346 3008 1350 3015 ’

173 3103 266 3167 sione
279 3104 456 3167 dicendum
469 3106 557 3188 quod
574 3109 614 3169 de
627 3109 786 3191 impulsu.
1008 3190 1010 3194 .
1272 3144 1291 3175 s

213 3203 363 3266 5⁰llotus
378 3221 554 3285 corporum
574 3206 608 3268 in
627 3207 720 3271 nollo
731 3226 869 3290 corpore
891 3211 1092 3293 principium
1116 3212 1261 3294 primum

174 3299 294 3380 habere
311 3301 428 3381 potuit.
446 3303 530 3365 ilino
542 3304 687 3384 primum
703 3324 839 3370 movens
852 3325 918 3371 non
933 3316 1122 3392 osteorpus.

215 3396 285 3460 191.
308 3396 462 3477 objicies,
481 3400 625 3480 planetas
643 3403 762 3465 attrahi
779 3421 796 3466 a
811 3404 892 3482 sole,
907 3405 963 3487 qui
982 3415 1090 3470 tamen
1106 3426 1172 3472 non
1188 3427 1262 3472 mo·

173 3506 265 3559 vetur
281 3514 289 3561 ι
306 3497 451 3579 itemque
466 3516 585 3580 eorpus
603 3501 774 3566 elastieum
790 3503 824 3565 in
843 3513 962 3567 terram
978 3508 1158 3587 projectum
1178 3509 1263 3572 resi·

173 3595 256 3665 lire:
283 3604 403 3658 terram
432 3595 474 3659 'ad
510 3617 586 3661 eum
618 3600 846 3689 repellendum
875 3602 945 3666 ullo
975 3621 1069 3685 egere
1099 3606 1259 3688 impulsu.

212 3694 310 3775 Resp.
331 3694 371 3756 ad
393 3697 432 3760 lm
459 3700 600 3779 dependo
620 3699 723 3762 solem
740 3699 927 3764 nullatenus
956 3703 1092 3767 moveri.
1116 3704 1263 3769 llovetur

172 3792 261 3861 enim
276 3801 367 3855 motu
383 3792 521 3875 duplici,
546 3797 704 3860 rotatorio
720 3815 838 3881 nempe
853 3802 939 3864 eirea
961 3803 1134 3884 proprium
1153 3821 1259 3880 axem,

172 3895 269 3971 utque
283 3889 381 3952 etiarn
397 3892 602 3967 translatitio,
618 3902 653 3957 ut
680 3896 920 3960 recentioribus
945 3900 1142 3964 astronomis
1167 3918 1258 3965 eom-

55 4039 61 4055 ,
171 3993 302 4067 partum
318 3997 376 4050 est.
393 3987 454 4051 llio
470 3991 693 4074 porrolmotus
711 3991 817 4058 fluido
833 3995 1088 4077 imponderabili
1108 4017 1257 4063 eommu-
