2792 4600
154 411 221 476 396
592 423 782 469 cosuctoem.

200 545 274 608 111.
301 543 479 607 Pnorostmo
508 542 548 605 ll.
575 542 689 623 upum
718 541 913 604 naturalium
939 541 1125 620 constantin,
1156 540 1250 603 ctiam

104 723 109 732 θ
152 643 258 725 quoad
271 641 540 719 intercarpentis,
558 641 693 702 indubiis
704 640 854 702 innititur
868 638 1087 719 fundamentis.

202 741 427 828 supponimus
443 760 482 803 ex
496 740 575 802 alibi
593 740 689 800 dictis
712 758 817 802 eausae
847 741 1027 816 notionem,
1048 757 1185 820 eamque
1213 741 1248 802 in

160 841 445 921 ipsaexperientia
467 839 715 901 fundamentum
739 838 858 899 habere
875 837 921 920 (Q.
940 837 1012 913 ate,
1031 842 1112 919 seq.)
1129 858 1137 915 ;
1156 841 1249 920 prin·
1280 913 1282 915 .
1381 813 1382 840 Ξ

155 938 284 1018 cipiunt
300 938 378 1000 item
394 938 591 1000 causalitatis
603 935 651 1012 [Ο.
668 936 739 1016 518)
759 955 766 999 :
785 936 928 1016 itemque
943 936 1029 1015 leges
1041 944 1164 1000 naturae
1181 957 1250 1003 esse

157 1037 291 1100 effectus
314 1036 507 1116 qualitatum
537 1054 574 1096 ae
593 1034 713 1096 virium
731 1034 944 1109 diversarum,
959 1052 1031 1114 quae
1053 1036 1250 1116 corporibus

160 1136 273 1198 insunt
290 1136 371 1213 (115)
390 1154 398 1213 ;
416 1152 452 1199 ac
474 1134 605 1197 tandem
627 1145 751 1195 naturae
767 1142 931 1195 auctorem
949 1144 980 1195 et
997 1133 1248 1213 gubernatorem

158 1252 230 1296 esse
247 1234 361 1298 [teum.
777 1308 780 1315 Ι

199 1331 273 1395 4²22.
291 1332 346 1394 Sic
362 1348 460 1411 porro
476 1330 656 1410 arguimus.
682 1328 811 1391 Naturae
826 1328 924 1409 leges,
942 1338 977 1389 ut
991 1330 1088 1409 paulo
1104 1339 1178 1392 ante
1197 1331 1247 1391 di·

157 1441 247 1494 ctum
264 1440 311 1492 est
332 1431 425 1508 (415),
441 1431 599 1491 resultant
610 1447 648 1490 ex
664 1427 893 1489 essentialibus
909 1446 1084 1508 corporum
1101 1430 1249 1510 proprie·

158 1532 290 1604 tatibus,
311 1531 414 1609 posita
435 1530 545 1608 aliqua
570 1527 760 1589 conditione
785 1527 1000 1605 contingenti.
1027 1529 1129 1607 Igitur
1144 1529 1250 1591 donec

155 1630 348 1692 essentiales
371 1646 545 1708 corporum
569 1631 784 1707 proprietates
797 1636 828 1687 et
850 1636 973 1688 caeterae
988 1626 1193 1689 conditiones
1209 1627 1251 1690 iis

159 1729 379 1809 superadditae
412 1737 614 1806 permanent,
646 1735 677 1787 et
697 1724 737 1787 ab
766 1725 892 1804 agendo
921 1743 986 1787 non
1012 1725 1248 1806 impediuntur,

158 1823 282 1890 naturas
300 1828 385 1907 leges
412 1826 533 1888 eaedem
561 1835 669 1887 erunt.
684 1824 787 1887 Causa
811 1828 898 1886 enim
920 1827 1114 1899 necessaria,
1133 1827 1249 1906 positis

158 1925 316 1989 omnibus
330 1944 403 2007 quae
418 1925 456 1986 ad
474 1924 636 2004 agendum
651 1925 878 2004 requiruntur,
893 1922 1075 1986 necessario
1091 1924 1166 2004 agit,
1184 1925 1250 1986 nisi
1305 1920 1308 1924 ’
1381 1915 1382 1918 '

160 2025 373 2105 impediatur.
395 2023 539 2086 Proinde
563 2024 603 2087 ad
632 2025 695 2086 hoe
716 2031 752 2085 ut
774 2033 897 2085 naturae
919 2023 1005 2103 leges
1034 2023 1249 2086 mutationem

133 2170 137 2175 -
158 2126 309 2200 subeant,
335 2141 437 2186 unum
464 2142 502 2185 ex
526 2124 577 2185 his
600 2123 767 2201 contingat
790 2140 922 2184 necesse
951 2131 1010 2197 est,
1035 2123 1083 2183 vel
1105 2124 1137 2185 1ο
1159 2122 1250 2202 quod

158 2223 349 2287 essentiales
373 2240 550 2303 corporum
577 2221 791 2303 proprietates
823 2228 1008 2298 mutentur;
1032 2221 1079 2281 vel
1104 2220 1137 2281 2⁰
1158 2221 1249 2303 quod

161 2333 330 2385 mutentur
345 2321 570 2400 contingentes
598 2320 663 2381 illae
684 2319 889 2382 conditiones
905 2318 1025 2400 quibus
1040 2328 1162 2381 caeterae
1178 2338 1253 2382 cor-

162 2440 279 2500 porum
306 2421 478 2501 qualitates
505 2419 757 2501 affectionesque
786 2419 1030 2482 constituuntur
1044 2443 1056 2494 ;
1072 2419 1120 2480 vel
1137 2420 1252 2481 saltem

157 2518 295 2598 5⁰'quod
314 2518 475 2581 naturales
491 2535 666 2596 corporum
683 2518 829 2580 actiones
851 2518 935 2579 lieus
951 2517 1120 2598 impediat.
1137 2518 1175 2581 V.
1199 2537 1249 2598 gr.

160 2626 196 2680 ut
213 2627 356 2679 mutetur
371 2616 560 2679 ordinarius
572 2616 705 2679 effectus
719 2616 884 2679 affinitatis
900 2617 1060 2692 chinsica,
1075 2636 1174 2698 quam
1186 2637 1254 2686 una

159 2714 344 2778 substantia
363 2713 459 2775 babet
475 2714 514 2775 ad
531 2714 679 2788 alteram,
697 2733 828 2777 necesse
840 2723 887 2775 est
906 2713 1187 2782 utmodilicentur
1207 2735 1254 2780 eae

158 2820 345 2876 atomorum
363 2811 569 2874 conditiones
584 2831 623 2874 ex
639 2812 761 2893 quibus
783 2811 922 2873 affinitas
938 2811 1185 2891 determinatur,
1202 2817 1252 2877 vel

159 2909 335 2974 resistendi
354 2909 400 2970 ris
422 2927 440 2969 a
462 2927 527 2989 qua
547 2910 696 2972 ultimate
721 2911 790 2990 ipsa
804 2910 967 2991 procedit,
987 2912 1035 2973 rel
1060 2912 1193 2975 demum
1216 2926 1252 2976 ut

157 3010 325 3072 affinitatis
341 3009 502 3070 actionem
516 3009 627 3072 divina
644 3009 866 3072 virtuselidat.
884 3009 1031 3090 Itemque
1047 3021 1082 3073 ut
1099 3013 1252 3076 mutatio·

159 3127 236 3171 nem
253 3109 389 3171 subeant
413 3107 498 3187 leges
515 3106 714 3170 mechanica
737 3108 888 3182 coelestis,
906 3110 1126 3171 necessarium
1142 3119 1200 3184 est,
1218 3119 1253 3173 ut

157 3209 209 3271 vel
227 3226 326 3269 novas
341 3225 359 3268 a
376 3206 442 3268 Deo
458 3207 749 3268 determinationes
776 3209 842 3269 sive
858 3208 906 3268 sol
930 3208 997 3269 sive
1017 3208 1154 3286 planetae
1170 3210 1253 3271 reci·
1318 3204 1326 3213 “

160 3309 264 3386 piant,
281 3307 330 3367 vel
358 3314 460 3368 cesset
475 3323 652 3386 corporum
669 3305 787 3367 inertia
817 3306 866 3368 vel
891 3307 1053 3370 naturales
1068 3308 1152 3370 vires
1169 3311 1252 3373 Deus

158 3405 333 3485 impediat.
1071 3476 1073 3481 Ι

199 3501 273 3565 tte.
291 3501 389 3583 Atqui
407 3502 497 3563 nulla
510 3520 547 3562 ex
566 3501 617 3562 liis
629 3501 915 3582 suppositionibus
938 3502 1132 3567 labefactare
1147 3516 1251 3587 potest

157 3601 391 3665 certitudinem
407 3601 447 3662 de
464 3601 572 3680 legum
589 3600 798 3680 physicarum
810 3601 1004 3664 constantia.

201 3701 273 3764 Non
294 3700 399 3779 prima
417 3716 426 3773 ;
441 3715 517 3760 nam
533 3699 681 3760 essentiae
696 3709 773 3760 sunt
789 3698 1024 3762 immutabiles.

203 3801 275 3863 Non
288 3796 446 3872 secundm
460 3797 500 3857 de
513 3815 579 3876 quo
592 3796 704 3857 vadem
718 3796 875 3859 babemus
887 3797 1044 3861 creatoris
1059 3798 1253 3879 sapientiam

157 3917 197 3964 ac
211 3896 464 3979 providentiam.
495 3896 625 3960 Etenim
645 3913 804 3976 corporea
824 3907 937 3959 natura
954 3901 987 3959 in
1006 3898 1151 3961 bominis
1179 3919 1253 3979 gra·

158 3997 239 4058 tiam
255 3994 387 4056 condita
402 4002 450 4054 est
467 4011 475 4068 ;
493 3994 634 4074 pessime
653 4003 762 4055 autern
789 3995 904 4057 luisset
921 3997 1048 4059 bomini
1071 3998 1251 4078 provisum,

156 4095 186 4156 si
201 4092 299 4173 leges,
313 4090 433 4171 quibus
446 4108 604 4171 corporea
621 4100 738 4154 natura.
751 4092 887 4173 regitur,
900 4096 984 4159 licus
996 4094 1118 4175 passim
1131 4097 1253 4162 immu-
