2792 4600
422 352 508 396 ursan
530 352 691 412 sucuunuS,
715 354 807 401 cucur
828 356 857 401 v.
1130 336 1191 400 tls
1216 319 1218 322 Α

107 468 252 530 voluutas
269 465 458 529 immediate
474 485 534 529 suo
555 479 626 529 actu
652 484 773 548 corpus
799 478 916 542 moret,
944 467 1000 530 sed
1017 468 1190 531 adnutum

108 565 279 629 voluntatis
308 565 442 628 facultas
463 564 651 645 peculiaris,
668 583 766 646 quam
784 567 1009 629 loco-motivam
1035 567 1189 642 dicimus,

109 673 140 727 ut
153 672 241 745 patet
256 681 293 725 ox
309 661 428 725 intimo
444 681 554 724 sensu.

144 762 190 824 Ad
212 761 253 823 5¹³
278 759 394 822 Nescio
410 760 577 840 quomodo
594 759 768 823 difficultas
786 761 854 824 lraec
870 761 904 823 in
922 771 1064 825 mentem
1080 763 1193 825 venire

110 861 209 941 potuit
220 859 413 922 Purclrotio.
427 858 544 920 Facilis
556 867 603 920 est
616 856 894 941 responsio.'lllcp.
906 870 973 923 ont.
990 860 1029 923 llt
1041 861 1080 922 ad
1095 862 1198 942 prob..

110 958 179 1038 Nep.
196 959 273 1036 maj.

146 1054 217 1119 atil.
243 1054 304 1120 Ob.
323 1054 378 1117 lll.
395 1055 539 1135 Corpora
558 1065 645 1118 certe
667 1074 763 1135 agere
778 1066 956 1136 nequeunt.
975 1056 1089 1120 Omnis
1104 1057 1194 1120 euim

113 1173 281 1235 corporum
297 1154 383 1217 actio
401 1153 483 1217 foret
499 1173 557 1234 per
572 1165 710 1218 motum.
728 1155 789 1221 Sed
814 1175 954 1238 corpora
979 1168 1102 1221 motum
1120 1175 1196 1238 pro·

113 1253 311 1314 ducere'non
329 1264 478 1332 possunt,
492 1252 572 1315 Nam

149 1352 178 1412 1ο
198 1350 284 1412 Sunt
300 1351 432 1428 inertia,
443 1369 502 1413 nec
513 1353 626 1433 seipsa
643 1371 772 1416 movere
787 1363 935 1433 possunt.
950 1355 1035 1433 Ergo
1049 1354 1192 1418 nccalia.

42 1514 43 1537 ἒ
148 1451 179 1511 2⁰
199 1446 307 1510 Motus
322 1466 389 1512 non
407 1457 511 1529 potest
527 1450 568 1511 ab
585 1467 651 1512 uno
666 1465 806 1531 corpore
822 1451 856 1512 iu
872 1450 962 1513 aliud
979 1452 1131 1516 transire.

148 1546 273 1623 5⁰‚lmo
296 1564 361 1609 uon
387 1546 583 1628 intelligitur
618 1549 787 1628 quomodo
820 1550 922 1628 possit
957 1551 1198 1614 communicari

115 1655 226 1710 motus.
643 1712 647 1721 ,
845 1731 847 1735 y

150 1749 246 1826 Resp.
265 1747 342 1827 Nep.
359 1756 425 1809 out.
443 1746 491 1809 Ad
513 1746 607 1826 prol).
641 1745 752 1811 Trans.
775 1746 850 1829 maj.
881 1745 1011 1809 Etenim
1042 1766 1102 1811 nec
1131 1757 1197 1811 tota

42 1888 43 1913 r
117 1846 259 1928 corporis
273 1847 421 1923 activitas
438 1856 527 1909 motu
544 1853 742 1924 continetur,
760 1865 834 1910 curn
851 1855 937 1910 certe
953 1847 1102 1928 corporis
1119 1864 1196 1928 pro·

117 1948 177 2026 pria
192 1946 296 2008 sitris
312 1945 485 2008 resistendi
501 1956 671 2027 penetrare
685 1946 831 2022 conanti,
845 1956 881 2009 ut
895 1963 984 2008 nunc
997 1946 1061 2007 alia
1074 1946 1115 2008 de
1126 1945 1199 2027 qui·

116 2043 170 2107 bus
193 2045 333 2124 quaestio
348 2044 396 2118 fit,
413 2045 581 2121 omittam
600 2063 660 2107 nec
675 2062 790 2108 omnes
805 2063 983 2127 corporum
997 2045 1142 2108 actiones
1157 2043 1198 2105 ad

117 2151 231 2204 motum
262 2142 462 2222 gignendum
491 2142 705 2218 reducuntur,
723 2143 837 2206 saltem
854 2143 942 2205 enim
957 2142 1086 2204 admitti
1103 2142 1200 2205 debet

118 2241 148 2305 iu
168 2241 340 2306 moleculis
368 2241 576 2324 simplicibus
599 2242 646 2304 vis
669 2241 832 2323 quaedam,
857 2260 920 2324 qua
943 2242 977 2304 in
1001 2261 1035 2304 se
1058 2240 1198 2305 invicem

118 2350 238 2423 agentes
255 2342 452 2423 copulantur
470 2343 655 2424 et'corpora
672 2343 888 2406 constituunt.

152 2441 227 2503 dist.
245 2441 324 2504 min.
344 2444 404 2505 Per
419 2460 560 2516 secono.
573 2441 867 2517 ;determinatioue
883 2448 1011 2521 accepta
1028 2439 1068 2501 ab
1080 2438 1201 2502 extrin-

118 2558 196 2613 seco,
213 2559 302 2622 nepo.
318 2539 492 2621 Nequeunt
510 2541 599 2602 enim
624 2558 763 2621 corpora
792 2558 826 2602 se
852 2539 1071 2603 determinare
1086 2538 1126 2600 ad
1142 2556 1198 2601 ac-

120 2651 196 2717 tum;
213 2640 270 2701 sed
297 2640 323 2700 si
350 2645 389 2701 au
410 2652 517 2701 actum
542 2639 675 2702 aliunde
690 2638 963 2712 determinentur,
983 2648 1120 2718 possunt
1135 2637 1198 2699 alia

120 2755 248 2818 corpora
263 2739 304 2800 ad
321 2749 445 2800 motum
462 2738 679 2800 determinare
694 2748 764 2801 tum
788 2736 975 2799 immediate
991 2754 1050 2816 per
1065 2754 1111 2812 sc,
1128 2747 1198 2798 tum

121 2836 252 2898 mediate
270 2836 504 2916 pernumerem,
522 2845 558 2898 ut
573 2835 676 2909 aiunt,
694 2834 1002 2915 imponderabilem.

156 2934 225 2999 292.
250 2935 298 2999 Ad
317 2939 355 2999 lm
385 2934 465 2998 Dist.
492 2921 673 3015 Nequeunt
695 2952 841 3015 corpora·
865 2952 899 2997 so
925 2931 1145 2995 determinare
1159 2930 1199 2993 ad

123 3045 251 3110 motum,
268 3053 374 3108 conc.‚·
391 3040 560 3114 nequeunt
574 3051 633 3113 per
648 3052 682 3096 se
698 3034 732 3094 in
749 3040 839 3096 motu
857 3048 1073 3112 perseverare,
1089 3030 1117 3092 si
1133 3029 1202 3092 luo·

122 3130 181 3193 rint
195 3132 420 3205 determinata,
438 3149 526 3213 nepo.
651 3124 654 3130 ’
1154 3116 1158 3122 ’

158 3229 191 3293 ln
207 3233 270 3295 hoc
285 3242 409 3295 tantum
424 3244 472 3294 est
487 3232 606 3295 inertia
617 3247 805 3312 corporum,
820 3229 908 3311 quod
921 3230 961 3291 ad
975 3237 1092 3291 statum
1105 3244 1200 3290 suurn

124 3340 281 3410 utcunque
303 3331 499 3393 mutandum
521 3328 802 3393 determinatione
817 3327 858 3390 ab
880 3328 1064 3389 extrinseco
1087 3343 1202 3408 prove·

125 3430 224 3493 niente
241 3421 425 3511 indigeantss
443 3450 476 3492 se
493 3431 562 3511 ipsa
578 3431 665 3491 enim
680 3427 900 3491 determinare
922 3433 1101 3507 nequeunt.
1119 3427 1202 3489 llum
1281 3477 1285 3482 .

126 3545 193 3608 ergo
213 3538 288 3593 sunt
310 3533 342 3593 in
366 3532 477 3611 quiete
499 3549 565 3593 non
589 3539 760 3593 moventur
782 3529 845 3590 nisi
873 3528 1136 3590 determinentur
1160 3525 1200 3589 ad

127 3637 259 3703 motum;
275 3629 355 3691 dum
371 3638 447 3692 sunt
468 3629 502 3691 in
518 3638 608 3693 motu
626 3646 692 3692 non
708 3626 882 3709 quiescunt
898 3625 962 3688 nisi
979 3624 1202 3688 determinen-

127 3731 173 3786 tur
185 3727 222 3787 ad
238 3728 394 3808 quietem.
408 3729 470 3791 Sed
485 3726 765 3810 quemadmodum
780 3735 911 3809 accepta
927 3724 1201 3789 determinatione

42 3911 43 3914 Ἴ
129 3838 179 3900 per
191 3842 223 3886 se
237 3834 367 3888 manent
383 3825 416 3889 in
434 3829 555 3907 quiete,
571 3827 613 3889 ita
627 3843 685 3905 per
696 3844 731 3888 se
744 3834 868 3888 motum
885 3825 1076 3887 inchoatum
1093 3840 1202 3905 perse·

131 3930 274 4000 quuntur.

165 4019 352 4112 ldlfflllist.
370 4026 396 4088 l.
413 4042 439 4085 e.
457 4023 544 4088 idem
575 4010 713 4087 numero
743 4033 851 4086 motus
881 4037 948 4085 non
979 4020 1044 4085 exit
1073 4017 1113 4084 ah
1136 4035 1203 4084 uno
