2792 4600
418 328 668 387 praeuenturus
692 329 784 375 cavus
807 330 839 374 ιι.
1110 313 1171 377 403

83 451 192 505 tamen
209 441 387 524 aliquando
403 444 575 524 contingit,
591 445 639 506 vel
661 444 740 525 quia
756 445 904 526 quaedam
920 444 1021 508 activa
1036 445 1172 527 quibus·
1242 451 1245 456 ’

84 539 159 603 darn
170 541 305 622 passivis
316 542 357 604 ab
371 544 504 606 homine
516 544 762 624 conjunguntur
775 563 832 624 per
843 554 944 607 artem
959 545 1172 626 vulgooccul-

84 652 162 714 tam,
181 648 215 702 ut
237 657 337 721 quum
360 644 538 720 potassinm
564 650 633 704 arte
653 652 836 721 separatum
853 661 870 703 a
886 643 954 705 suis
970 645 1172 707 naturalibus

83 739 386 804 combinationibus
417 740 450 802 in
477 759 596 822 aquam
624 742 796 821 projicitur
822 750 852 805 et
875 742 1099 820 comburitur,
1123 743 1173 805 vel

83 837 162 917 quia
185 855 283 919 agens
305 852 448 901 creatum
477 839 533 902 sed
561 840 727 904 occultum
739 857 794 926 res
810 840 966 919 quasdam
982 851 1100 915 movet,
1118 852 1174 903 aut

83 945 209 999 naturae
234 936 402 999 sensibilis
431 937 516 999 vires
543 936 696 1018 applicat,
726 938 876 1018 impedit,
904 936 1110 1013 determinat,
1138 948 1174 1001 ut

5 1114 6 1123 ἵ
84 1053 187 1116 quum
215 1037 321 1117 angeli
349 1037 564 1102 Heliodorum
594 1037 731 1118 flagellis
761 1037 962 1107 ceciderunt,
993 1050 1048 1099 aut
1069 1055 1172 1118 quum

5 1126 6 1197 ἶ
84 1132 220 1214 maligni
237 1135 372 1215 spiritus
389 1152 516 1198 mensas
531 1135 664 1215 agitant.
683 1136 802 1198 Mirum
824 1134 934 1216 itaque
949 1153 1009 1197 nec
1023 1135 1172 1198 ordinem

86 1240 210 1294 naturae
224 1242 350 1307 creatae,
369 1251 430 1296 nec
446 1233 631 1296 facultatem
646 1234 785 1298 excedit.

124 1332 158 1395 5⁰
180 1331 271 1393 Patet
295 1351 427 1415 quoque
450 1332 628 1395 discrimen
652 1333 802 1396 miraculi
824 1351 842 1395 a
861 1333 1026 1413 prestigio.
1044 1331 1173 1394 Praesti-

85 1429 175 1509 giurn
196 1431 285 1493 enim
302 1442 349 1494 est
371 1450 460 1494 mera
484 1433 596 1495 illusio
624 1451 682 1513 per
708 1432 970 1496 immutationem
985 1451 1002 1494 a
1018 1432 1047 1493 vi
1064 1430 1174 1512 aliqua

87 1529 290 1607 intelligente
312 1540 343 1591 et
360 1531 521 1594 invisibili
537 1531 683 1593 effectam
700 1532 733 1593 in
757 1531 900 1612 organis,
920 1532 987 1593 sive
1002 1548 1171 1604 sensuum,

86 1627 152 1690 sive
173 1629 362 1709 phantasiae.
380 1631 448 1694 Hoc
469 1648 601 1713 quoque
626 1640 750 1694 naturae
780 1640 894 1694 creatae
921 1631 1001 1692 lines
1029 1648 1095 1693 non
1118 1648 1173 1692 su·

87 1735 189 1807 perat.
635 1805 637 1810 ,
774 1773 781 1794 ι.

126 1825 157 1888 6⁰
180 1827 285 1908 Atque
301 1829 378 1891 hinc
402 1829 539 1891 ulterius
561 1830 726 1909 intelligas
751 1839 910 1911 quantum
931 1829 1058 1890 differat
1074 1828 1172 1889 mira·

85 1926 197 1989 culum
214 1927 254 1989 ah
269 1947 354 2009 opere
365 1930 497 2010 magice.

129 2023 230 2103 llagia
245 2027 334 2088 enim
358 2038 406 2089 cst
427 2045 479 2089 ars
506 2029 589 2091 mira
616 2027 777 2108 patrandi,
795 2027 861 2089 sive
884 2045 941 2108 per
956 2026 1099 2097 occultas
1115 2043 1172 2087 na·

88 2131 167 2186 turae
178 2125 275 2199 vires,
293 2126 360 2187 sive
376 2145 433 2207 per
449 2126 610 2190 occultam
628 2126 837 2202 industriam,
851 2126 917 2187 sive
930 2125 1092 2188 malorum
1109 2125 1172 2185 dae·

86 2239 223 2286 monum
239 2223 434 2288 interventu.

128 2322 239 2385 Prima
255 2333 286 2387 et
307 2325 408 2388 altera
435 2327 548 2405 magite
570 2327 652 2389 ratio
675 2325 796 2389 dicitur
815 2324 981 2398 naturalis,
997 2324 1092 2386 tertia
1106 2322 1174 2384 diu·
1256 2354 1259 2361 ν

82 2420 194 2484 dolien
983 2499 986 2504 Ι

128 2519 161 2579 7⁰
183 2522 352 2584 Postremo
368 2522 472 2584 multo
494 2522 598 2603 majus
618 2540 655 2584 ac
671 2522 876 2585 manifestius
891 2529 939 2584 est
954 2519 1104 2583 miraculi
1120 2518 1172 2579 di·

86 2616 229 2680 scrimen
245 2617 286 2679 ab
300 2620 469 2683 eventibus
485 2620 689 2683 naturalibus
701 2620 970 2693 extraordinariis,
987 2617 1045 2698 qui
1058 2615 1175 2679 videli-

52 2704 56 2721 ‘
85 2723 138 2778 cet
152 2717 334 2778 secundum
358 2728 482 2781 natura
498 2736 630 2781 cursum
653 2737 728 2781 raro
749 2718 964 2798 contingunt3
987 2714 1173 2794 cujusmodi

87 2821 165 2875 sunt
176 2814 334 2894 eclypses,
348 2833 475 2878 aurorae
497 2815 656 2894 boreales,
674 2817 898 2898 apparitiones
913 2823 1126 2887 cometarum,
1143 2821 1174 2876 et

87 2911 226 2976 similes.
729 2964 732 2969 ⁴
1172 2988 1175 2993 θ

128 3010 202 3074 457.
219 3011 321 3075 Venio
335 3013 375 3074 ad
393 3012 542 3076 miraculi
560 3012 750 3075 divisiones.
768 3012 886 3076 Omnia
899 3011 1057 3074 miracula
1072 3009 1173 3072 lacul-

87 3119 187 3172 tatem
204 3121 327 3173 naturae
342 3112 502 3174 excedunt
514 3130 521 3188 ;
534 3112 590 3174 sed
613 3129 681 3174 non
703 3112 814 3175 omnia
830 3110 945 3174 eodem
961 3109 1072 3172 modo.
1092 3107 1175 3169 Hinc

8 3212 9 3243 ³
89 3208 210 3288 triplex
224 3210 458 3274 miraculorum
473 3211 610 3292 species.

8 3314 10 3337 ⁸
130 3309 211 3372 Nam
226 3312 257 3371 l⁰
272 3309 336 3369 alia
350 3318 505 3390 superant
521 3318 644 3371 natura
658 3308 841 3371 facultatem
854 3306 961 3388 quoad
979 3307 1083 3386 ipsam
1098 3302 1174 3364 lacti

86 3407 314 3480 substantiam,
331 3408 484 3472 videlieet
509 3418 660 3490 quantum
674 3410 716 3470 od
729 3408 763 3469 id
776 3409 857 3489 quod
881 3410 928 3488 fit.
946 3405 1015 3468 Huc
1030 3411 1177 3484 spectant

86 3525 126 3570 ea
141 3508 254 3571 omnia
269 3529 342 3590 quae
357 3519 480 3572 natiuae
496 3508 580 3572 vires
608 3525 776 3588 nunquam
803 3508 907 3568 facere
930 3514 1076 3585 possunt,
1094 3512 1129 3565 ut
1143 3519 1173 3562 v.

85 3627 138 3690 gr.
155 3609 244 3688 quod
261 3607 327 3672 duo
342 3624 481 3689 corpora
495 3608 561 3668 sint
577 3607 674 3675 simul
688 3608 722 3668 in
739 3606 854 3668 eodem
871 3606 956 3669 loco.

130 3708 165 3771 2⁰
186 3708 256 3772 ntia
282 3718 435 3788 superant
462 3716 584 3768 naturae
605 3706 802 3781 facultatem,
820 3723 885 3767 non
910 3714 1068 3785 quantum
1084 3705 1124 3766 ad
1141 3704 1175 3766 id

86 3810 180 3891 quod
195 3808 242 3882 fit,
258 3807 313 3870 sed
328 3815 479 3888 quantum
500 3806 541 3868 ad
558 3806 639 3867 idio
654 3824 713 3885 quo
726 3808 771 3882 fit.
790 3803 864 3865 llaec
879 3812 1043 3883 suntque
1061 3812 1177 3866 natura

86 3908 196 3970 tacere
212 3917 317 3987 potest
331 3915 363 3968 et
378 3905 465 3980 lacit,
480 3905 536 3966 sed
554 3921 620 3966 non
636 3905 669 3965 in
683 3903 781 3965 certis
797 3900 993 3981 quibusdam
1007 3901 1173 3995 subjectis.

86 4006 144 4070 Sic
160 4024 247 4086 agr.
258 4006 343 4067 intra
359 4013 483 4067 naturae
497 4002 648 4067 ordinem
657 4009 716 4075 est,
726 3999 815 4081 quod
824 3997 945 4061 animal
962 4016 1063 4080 quum
1079 4016 1174 4080 gene·
