2792 4600
188 336 249 401 258
620 345 812 395 cusucuccm.

186 468 359 533 sectarium
389 464 537 531 atomicae
567 463 715 529 theoriae.
748 460 907 534 Quantam
936 476 1011 523 vero
1048 453 1277 519 difficultatem
1381 479 1383 534 χ

175 576 274 652 ,creet
287 567 423 628 adverso
437 563 613 645 systemati,
630 580 729 642 supra
745 568 893 623 notatum
908 567 956 621 est
971 554 1045 653 (85).
1382 629 1383 632 Ἴ

226 663 275 726 Ad
291 665 331 729 2¹¹¹
344 663 421 745 Nep.
437 670 505 727 cot.
518 673 550 726 et
563 664 634 725 diat.
651 671 712 724 rot.
730 660 803 722 odd.
820 657 953 721 Nullum
966 666 1013 719 est
1027 663 1184 736 puuctum
1199 667 1279 714 seu-

186 762 284 825 sibile
303 763 420 843 inquo
441 771 617 841 utrumque
638 762 835 821 elementum
856 773 923 820 non
947 753 1142 827 inveniatur,
1167 766 1279 824 cottas

187 861 316 924 nullum
329 868 377 922 est
393 870 550 941 punctum
565 859 726 932 absolute,
743 874 831 935 nepo.
849 852 918 926 Qua
938 856 1064 916 ratione
1085 850 1280 932 oppositum

188 960 321 1041 probari
357 959 488 1041 poterit,
526 976 602 1021 cum
631 970 757 1020 certum
786 954 840 1028 sit,
865 954 900 1016 iu
933 950 1141 1033 corporibus,
1176 948 1281 1011 etiam

138 1081 143 1088 ·
187 1059 337 1121 maximae
355 1057 537 1132 densitatis,
557 1073 628 1119 esse
651 1051 908 1117 innumerabilia
929 1050 1080 1132 spatiola,
1099 1049 1133 1110 iu
1153 1046 1279 1128 quibus

188 1157 317 1220 nullum
334 1165 381 1218 est
393 1153 609 1237 ponderabile
622 1149 841 1215 elementuml
855 1150 888 1213 Si
903 1148 1014 1229 itaque
1029 1148 1063 1210 in
1080 1164 1164 1227 aqua
1179 1165 1208 1208 y.
1227 1160 1282 1223 pr.

189 1255 266 1317 licet
282 1255 410 1317 nullum
426 1255 468 1317 sit
487 1251 645 1315 sensibile
660 1266 811 1322 vacuum,
836 1249 938 1310 multa
955 1258 1063 1310 tamen
1086 1256 1163 1309 suut
1178 1244 1282 1307 inter-

189 1353 270 1414 valla
287 1352 320 1413 iu
341 1351 462 1432 quibus
484 1369 591 1431 neque
610 1350 806 1430 oxygenium
827 1360 877 1410 ast
897 1364 1004 1427 neque
1023 1343 1280 1426 hydrogeuium,

179 1450 295 1513 eritne
326 1449 514 1512 mirandum
543 1467 614 1510 esse
640 1448 776 1528 aliquod
805 1449 839 1510 iu
869 1465 908 1510 ea
926 1444 1101 1526 spatiolum
1122 1441 1212 1524 quod
1234 1440 1279 1502 ab

191 1547 349 1629 oxygonio
365 1556 555 1629 occupetur,
570 1556 602 1609 et
616 1563 683 1608 nou
699 1546 741 1606 ab
758 1544 980 1627 hydrogenioi

232 1646 281 1708 Ad
295 1645 336 1707 5¹1¹
349 1645 490 1725 Nepotes
501 1645 675 1707 transitum
689 1643 878 1708 substantiae
890 1641 1026 1705 viventis
1038 1641 1072 1703 iu
1088 1657 1155 1703 non
1171 1639 1283 1702 viven-

190 1758 257 1807 tem
286 1742 442 1823 explicari
464 1759 530 1805 uon
553 1759 647 1822 possa
669 1742 704 1803 in
722 1754 833 1805 uestra
849 1740 1022 1805 sententia.
1049 1738 1119 1801 lmo
1144 1755 1217 1819 quae
1236 1735 1282 1799 ad

191 1843 292 1904 vitam
308 1841 486 1924 pertinent,
504 1840 609 1903 multo
624 1841 745 1903 clarius
760 1851 792 1906 et
805 1839 1048 1922 intelligibilius
1061 1839 1095 1899 in
1110 1834 1282 1899 communi

192 1940 353 2003 sententia
373 1938 591 2022 explicantur,
615 1957 714 2021 quam
738 1940 772 2001 iu
791 1948 962 2023 systemate
986 1934 1210 2018 peripatetico,
1225 1940 1284 1995 aut

193 2039 227 2100 in
239 2038 356 2118 quovis
371 2048 543 2118 systemate
557 2037 660 2116 affini,
676 2040 795 2102 ut-suis
811 2040 891 2103 locis
906 2037 1100 2101 videbimus.

235 2135 306 2200 110.
324 2134 407 2217 Opp.
426 2136 463 2198 V.
480 2136 542 2210 Qui
558 2144 685 2199 atomos
702 2136 937 2217 incompositas
952 2144 1096 2207 tuentur,
1115 2129 1281 2213 pluribus,

194 2234 300 2317 iisque
311 2234 476 2316 previbus,
489 2244 647 2316 urgentur
662 2235 895 2299 incommodis.
911 2233 992 2296 Nam

236 2339 268 2399 1ο
280 2334 450 2398 Perimunt
462 2336 677 2398 intrinsecum
689 2334 869 2397 discrimen
882 2335 967 2397 iuter
979 2332 1194 2396 substantiam
1209 2347 1283 2393 cor·

195 2451 327 2515 porcam
348 2443 379 2496 et
404 2434 636 2514 spiritualem;
666 2451 742 2495 nam
771 2443 941 2514 utramque
967 2431 1076 2514 quoad
1105 2429 1282 2493 essentiam

195 2532 319 2594 iaciunt
334 2531 532 2613 simplicem.

237 2630 270 2692 κ’
292 2630 629 2693 Ponuntactiritatem
652 2631 752 2693 atomi
775 2629 954 2711 procedere
967 2631 1008 2693 ab
1024 2629 1141 2692 eodem
1157 2627 1282 2710 priuci-

197 2728 266 2808 pio,
288 2745 307 2790 a
324 2746 390 2808 quo
409 2737 518 2790 manat
531 2729 676 2791 extensio
693 2748 702 2792 ε
720 2736 817 2810 atque
830 2730 893 2792 hoc
910 2738 1002 2809 pacto
1017 2736 1162 2791 statuunt
1182 2737 1282 2789 mate·

197 2826 280 2888 riam
302 2845 341 2888 ex
363 2845 397 2889 se
417 2826 553 2889 activam
568 2844 650 2890 esse.
667 2828 736 2890 Hoc
748 2837 855 2890 autem
873 2835 1042 2907 repugnat.
1059 2826 1093 2889 Si
1108 2825 1198 2889 euim
1213 2841 1287 2893 mat·¹

197 2924 280 2986 teria
299 2943 337 2987 ex
356 2942 391 2987 se
417 2924 517 2986 activa
536 2926 683 3004 punitur,
701 2925 768 3004 jam
787 2927 877 2987 nulla
898 2936 982 2987 esset
1010 2926 1094 2989 ratio
1122 2943 1181 2988 cnr
1212 2924 1285 2987 vire

199 3041 332 3104 quoque
346 3040 384 3085 ac
399 3041 512 3085 sensus
529 3022 732 3104 principium
747 3042 817 3084 esse
833 3041 898 3085 nou
917 3035 1037 3103 posset.

238 3121 271 3182 5⁰
292 3120 467 3202 Assiguaut
482 3131 517 3183 ut
538 3109 716 3202 corporum
739 3122 948 3184 constitutiva
968 3138 1106 3201 corpora
1133 3120 1285 3202 quaedam

198 3220 347 3297 rninorc3
365 3220 399 3282 iu
412 3239 476 3301 quo
490 3222 532 3300 1⁰)
540 3220 666 3283 similes
678 3220 804 3282 suntiis
820 3221 876 3302 qui
894 3221 1288 3300 quaerentiquoenamsiut

199 3319 1286 3401 uomuseonstitutiva,responderentesseparvasdumeetyaber-

165 3447 170 3459 »
200 3425 300 3477 rante
314 3419 479 3496 proposita
491 3417 686 3497 quaestione:
702 3418 1169 3499 nonenimquaerimusprima
1180 3435 1287 3498 quan-

201 3516 301 3576 titatis
315 3515 491 3590 elerueuta;
502 3514 558 3577 sed
568 3516 1119 3598 constitutivaessentiaequautitate
1129 3518 1288 3597 praeditae.

244 3611 313 3676 111.
335 3614 434 3692 llesp.
457 3611 533 3694 Nep.
549 3625 615 3677 unt.
632 3613 713 3676 Nam
728 3614 858 3694 siquod
875 3633 969 3694 prave
987 3617 1021 3677 iu
1038 3617 1089 3677 bis
1105 3615 1291 3680 incommo-

201 3712 278 3774 dum
292 3719 350 3786 est,
366 3711 447 3774 illud
464 3712 583 3794 premit
597 3712 706 3794 potius
720 3712 981 3776 adversariorum
995 3716 1160 3777 bumeros.

241 3811 289 3873 Ad
315 3810 352 3897 lm
374 3808 457 3891 Nepa
474 3810 631 3873 innostra
644 3810 794 3873 doctrina
808 3811 925 3891 perimi
940 3813 1155 3876 intrinsecum
1168 3815 1292 3879 discri-

202 3930 277 3973 men
294 3912 381 3972 iuter
401 3928 591 3990 corpoream
611 3910 884 3991 spiritualemque
901 3910 1128 3977 substantiam.
1150 3917 1200 3979 Au
1226 3928 1292 3981 rat.

202 4011 277 4074 add.
291 4028 366 4091 eeqo
379 4008 588 4091 suppositum:
605 4008 758 4071 videlicet
771 4008 947 4073 discrimen
965 4010 1028 4074 boc
1042 4014 1186 4076 carentia
1197 4033 1296 4080 com·
