2792 4600
431 345 435 350 ⁴
467 372 556 418 urana
576 372 738 431 sccundus,
759 373 852 418 aanor
874 373 896 419 1.
1180 354 1242 418 319

147 486 317 550 intellectu
334 486 509 568 concipere
527 505 594 552 non
617 505 801 568 possumus.
819 487 943 551 Deinde
958 507 1035 553 vero
1052 488 1129 569 quia
1145 508 1245 554 mun·

148 584 236 648 dana
252 602 391 665 corpora
409 586 447 647 ad
466 605 500 649 se
517 586 656 648 invicem
673 587 823 650 ordinata
838 595 925 661 sunt,
945 596 1042 670 atque
1058 588 1092 650 in
1110 607 1143 651 se
1160 590 1244 652 invi·

148 700 222 746 cem
235 691 335 764 agunt
346 700 354 746 z
366 684 530 747 luminosa
544 693 653 746 centra
666 684 805 765 planetis
818 685 925 747 iucem
942 699 973 747 et
986 686 1128 764 calorem
1140 686 1244 749 affuu·
1261 691 1263 693 ’

148 782 253 860 dunt,
283 800 406 864 eosque
439 782 473 844 in
501 782 571 846 suis
600 784 718 847 orbitis
748 784 926 847 *continent
956 801 964 849 :
992 784 1081 848 varia
1116 784 1244 849 siderea

147 888 382 963 systematase
403 891 519 947 mutuo
547 882 688 960 librant;
717 883 827 945 omnia
855 883 1018 947 mundana
1044 875 1182 964 corpora
1208 904 1244 949 se

148 988 266 1042 mutuo
280 981 467 1056 attrahuut3
484 988 581 1061 atque
605 981 640 1043 iu
668 980 728 1042 hos
744 999 859 1044 omues
875 980 1007 1043 effectus
1022 989 1088 1044 tota
1103 982 1245 1045 aetherea

149 1093 257 1140 massa
268 1077 403 1142 influit.
419 1078 598 1141 Fatendum
615 1086 723 1141 tamen
738 1078 870 1155 iterum,
889 1081 972 1141 harre
989 1079 1121 1159 quoqne
1137 1080 1243 1142 unita·

149 1183 217 1238 tem
229 1175 334 1239 multo
345 1183 577 1258 esseoportere
588 1177 759 1257 majorem,
769 1196 867 1258 qnam
881 1178 1045 1241 humanus
1058 1177 1244 1241 intellectus

149 1277 281 1358 assequi
298 1277 413 1358 possit.

193 1373 210 1403 *
231 1373 303 1438 ato.
326 1377 506 1440 Paorostrro
521 1375 562 1440 li.
578 1375 686 1441 Plures
711 1385 798 1454 suut,
815 1387 905 1459 atque
925 1379 1001 1441 odeo
1025 1380 1091 1441 siue
1105 1396 1244 1455 numero,

149 1474 263 1538 muudi
274 1474 441 1556 possibiles.

194 1573 276 1637 Nam
293 1575 324 1636 t⁰
347 1583 379 1635 et
403 1591 572 1646 numerus,
597 1583 629 1636 et
656 1574 789 1655 positio,
816 1584 847 1637 et
866 1586 972 1638 motus
999 1577 1243 1652 mundanorum

150 1689 332 1753 corporum
347 1671 498 1734 sinetine
514 1672 634 1734 variata
649 1672 780 1753 concipi
795 1684 945 1753 possunt;
962 1674 1116 1756 idemque
1132 1674 1243 1738 dicen·

150 1772 234 1834 dum
260 1770 300 1834 de
323 1770 482 1850 cujusque
507 1770 702 1850 systematis,
720 1787 757 1832 ac
783 1772 823 1833 de
846 1770 1051 1851 singulorum
1067 1772 1242 1852 globorum

151 1855 450 1942 vicissitudinibus,
464 1866 570 1948 deque
582 1866 682 1930 variis
693 1868 889 1946 corporibus
901 1887 974 1949 quae
986 1869 1020 1931 in
1033 1869 1075 1932 iia
1086 1869 1242 1933 collocari

152 1972 315 2049 poterant.
334 1966 426 2028 Certe
441 1965 529 2029 enim
546 1984 654 2048 neque
669 1986 708 2030 ex
725 1968 838 2030 muudi
856 1968 940 2043 idea,
958 1986 1065 2049 neque
1081 1986 1119 2030 ex
1144 1978 1241 2032 mate-

151 2067 213 2128 riae
234 2077 359 2138 natura,
377 2081 483 2145 neque
503 2084 542 2127 ex
564 2065 680 2128 ultimo
697 2066 893 2129 munditiae
910 2070 977 2129 haec
993 2066 1123 2130 suntad
1139 2085 1245 2131 unum

153 2163 382 2228 determinata.
392 2163 491 2243 Atqui
507 2182 712 2244 unaquaeque
724 2183 762 2226 ex
775 2164 826 2226 his
838 2165 1242 2229 variationibusmundum

154 2262 357 2328 constituite
374 2264 526 2354 praesenti
543 2264 722 2327 diversum.
740 2265 835 2345 Ergo.
1316 2259 1322 2270 '

196 2363 230 2426 2⁰
251 2362 357 2426 Sihio
376 2372 501 2424 tantum
518 2362 661 2425 mundus
685 2363 742 2444 qui
769 2364 868 2426 modo
884 2373 942 2438 est,
962 2363 1130 2443 possibilis
1146 2372 1242 2439 esset,

149 2480 195 2526 eo
210 2462 345 2525 condito
361 2461 488 2522 infinita
504 2460 560 2523 Dei
580 2463 728 2541 potentia
741 2461 854 2525 suisset
868 2463 1034 2526 exhausta.
1053 2463 1121 2527 Hoc
1135 2471 1244 2527 autem

153 2579 288 2643 prorsus
306 2569 474 2642 repugnat.
492 2561 595 2640 igitur
618 2578 684 2623 nou
708 2561 807 2625 modo
822 2572 980 2643 repugnat
995 2562 1123 2624 uultum
1141 2561 1243 2632 alium

152 2659 317 2724 mundum
333 2658 524 2742 possibilem
541 2677 622 2734 ease,
640 2659 696 2721 sed
713 2660 871 2741 quoniam
885 2661 1029 2741 potentia
1040 2660 1096 2723 Dei
1114 2658 1243 2722 infinita

151 2758 323 2824 exhauriri
350 2759 474 2840 nequit,
493 2776 553 2822 nec
573 2777 717 2840 unquam
744 2760 973 2823 exhauriretur
993 2760 1137 2840 quamvis
1159 2775 1245 2821 nova

151 2878 285 2941 semper
300 2858 388 2921 entia
401 2857 607 2939 produceret,
621 2858 899 2936 concludendum,
914 2858 1055 2921 mundos
1068 2856 1243 2938 possibiles

150 2959 249 3024 nulio
270 2959 485 3022 determinato
501 2975 640 3022 numero
658 2959 834 3023 contineri.

134 3056 140 3064 “
197 3058 209 3084 *
231 3059 304 3123 247.
330 3060 511 3122 Prorosrrro
527 3056 583 3121 lli.
601 3056 712 3124 Plures
731 3057 823 3119 simut
843 3056 975 3119 muudus
988 3055 1137 3137 aquaeue
1151 3062 1179 3117 et
1192 3055 1245 3118 iu·

152 3156 348 3239 depectentes
369 3155 494 3217 caterua
514 3154 692 3217 collotenus
705 3163 870 3235 repuqnet.

197 3253 289 3329 Dico,
304 3251 453 3333 sejunctos
468 3260 495 3314 et
508 3252 737 3333 independenter
743 3276 754 3327 ‚·
771 3270 846 3315 uam
861 3252 887 3314 si
906 3252 1071 3316 mundana
1086 3269 1243 3332 quecun·

153 3371 223 3434 quo
243 3359 414 3433 systemata
435 3342 609 3438 com'muui
632 3350 736 3414 fluido
762 3361 1010 3428 connectantur,
1028 3360 1059 3413 et
1080 3350 1242 3414 influxum

150 3452 193 3515 ad
222 3451 362 3512 invicem
389 3458 570 3524 exerceant,
585 3449 652 3529 Jam
675 3468 742 3512 nou
766 3451 876 3530 plures
896 3451 1047 3526 mundos,
1065 3450 1121 3513 sed
1138 3468 1260 3513 uuum·

153 3549 311 3630 efficiunt.
330 3549 564 3613 Contradicunt
579 3556 705 3624 statutae
721 3550 940 3630 propositioni
954 3567 1028 3612 cum
1044 3549 1243 3630 quibusdam

151 3649 319 3714 ueteribus
331 3647 513 3722 certesiaui,
532 3647 588 3711 sed
605 3666 743 3729 prorsus
760 3648 938 3710 immerito.

6 3813 7 3816 ,
59 3822 61 3827 ,
195 3747 324 3811 Etenim
355 3747 440 3809 inter
467 3748 608 3810 mundos
635 3747 811 3809 intrinsece
838 3747 1022 3826 possibiles,
1052 3748 1090 3810 de
1119 3748 1242 3828 quibus

153 3863 273 3927 supra,
302 3845 412 3925 plures
442 3856 529 3907 certe
557 3857 634 3908 sunt
662 3845 841 3923 ejusmodi,
872 3855 908 3907 ut
936 3846 1035 3908 unius
1071 3845 1242 3907 existentia

6 3961 7 3968 ¹
153 3945 289 4007 atterius
326 3943 530 4005 existentiam
567 3961 633 4006 uon
676 3942 837 4005 excludat.
877 3943 915 4004 ili
952 3962 1028 4022 ergo
1064 3943 1244 4006 coexistere

154 4051 303 4125 possunt.
321 4043 406 4117 Quid
429 4060 505 4105 vero
525 4060 636 4106 rerum
658 4052 839 4105 creatorem
862 4043 1031 4123 impediat,
1047 4045 1241 4124 quominus,
