2792 4600
423 321 510 366 ureae
531 320 692 378 secundus,
716 320 808 366 mour
830 321 864 366 ιι.
1145 303 1188 367 89

90 437 313 501 continentur
327 437 360 499 1⁰
372 436 515 517 potentie
527 434 685 498 salumias
700 457 710 496 .·
726 435 760 498 2⁰
781 434 1036 515 dispositionum
1051 435 1186 500 babitus.

88 534 176 598 Nam
199 536 250 597 vol
273 534 460 616 proximum
475 534 635 615 operandi
659 533 865 614 principium
880 551 899 596 a
914 547 1030 597 natura
1052 534 1205 598 insitum¹

91 644 155 709 est,
170 635 221 695 vel
238 633 269 696 ei
284 633 374 714 quod
387 642 503 697 natura
518 633 637 695 tribuit
652 632 853 712 adiungitur.
868 632 939 695 lam
954 650 1031 697 vero
1044 633 1188 713 primum

12 791 13 802 ,
90 740 144 793 est
155 732 319 795 naturalis
330 732 487 812 potentia,
501 732 639 794 alterum
650 739 700 794 est
713 729 845 792 babitus
857 731 904 794 rel
916 729 1115 812 dispositio:
1131 733 1188 795 ba·

12 823 13 830 ’
90 828 188 893 bitus
204 830 341 910 quidem
357 828 385 890 si
404 845 443 891 ex
457 846 492 890 se
507 828 549 891 sit
564 845 760 909 permanens
774 836 806 889 et
821 827 985 905 durabile,
1002 838 1038 892 ut
1051 829 1189 892 scientia

94 928 146 991 rel
162 928 268 990 virtus
283 945 291 990 :
309 926 484 1007 dispositio
500 944 576 989 vero
598 926 626 988 si
642 925 738 988 lacile
753 925 1001 990 transmutabile
1016 928 1069 1002 sit,
1090 940 1126 990 ut
1141 936 1189 991 est

94 1028 246 1089 sensatio
261 1024 310 1087 vel
324 1023 498 1105 appetitio.

140 1124 216 1188 tte.
234 1125 324 1187 lianc
338 1120 505 1204 qualitatis
522 1120 746 1202 partitionem,
764 1139 837 1201 quae
855 1141 893 1184 ex
910 1122 980 1202 ipsa
995 1121 1198 1188 delinitione.
1250 1144 1253 1147 ’

94 1234 220 1305 sponte
235 1222 319 1298 tluit,
336 1220 488 1285 omnium
510 1221 670 1301 optimam
687 1222 722 1283 in
737 1221 890 1302 prasenti
912 1222 1083 1288 existimo:
1101 1225 1187 1286 nibil

95 1324 193 1384 enim
210 1322 243 1383 in
258 1320 530 1395 eaessevidetur,
544 1319 722 1401 quodcum
738 1319 951 1401 physicorum
966 1323 1187 1388 recentiorum

95 1420 234 1501 placitis
249 1437 430 1501 congruere
442 1436 509 1482 non
527 1417 640 1500 possit.
658 1417 819 1481 Ceterum
834 1418 875 1482 de
887 1420 1100 1500 qualitatibus
1116 1432 1189 1503 quae

95 1519 140 1580 ad
152 1537 227 1582 esse
236 1518 427 1582 substantiae
440 1516 678 1599 perficiendum
691 1517 869 1598 pertinent,
882 1534 950 1581 non
962 1529 1010 1582 est
1021 1537 1111 1584 nuno
1122 1522 1190 1583 dis·

97 1616 303 1693 serendom3
325 1616 454 1696 aliquid
475 1616 584 1680 solum
607 1616 757 1678 dicemus
777 1615 819 1677 de
839 1615 949 1697 specie
967 1619 1068 1681 altera
1088 1619 1190 1699 ;quia

98 1725 293 1796 conceptus,
303 1733 388 1796 quos
403 1732 440 1777 ea
454 1715 613 1789 continet,
623 1713 877 1779 abstractionem
890 1717 1120 1798 metaphysica
1134 1737 1189 1799 ge·

98 1816 226 1879 neralis
238 1816 408 1897 propriam
420 1815 629 1897 participant.

535 1963 698 2010 loricatus
721 1963 756 2009 ιι.

538 2077 579 2139 De
608 2077 757 2160 potentio.

144 2210 218 2274 179.
234 2210 392 2274 Potentiae
406 2226 526 2273 nomen
543 2209 701 2272 latissime
713 2209 873 2289 accipitur
883 2209 924 2271 ad
940 2208 1191 2289 possibilitatem

11 2368 13 2377 ,
99 2309 354 2394 significandam
369 2328 378 2387 3
393 2319 425 2372 et
443 2309 626 2373 secundum
645 2311 728 2373 banc
740 2309 964 2389 acceptionem
980 2308 1122 2395 dicimus
1134 2331 1191 2375 ens

11 2412 12 2415 ’
98 2409 195 2473 alind
211 2408 330 2472 esseio
346 2417 432 2482 actu,
450 2406 540 2470 aliud
558 2406 591 2469 in
607 2407 753 2488 potentia
768 2405 843 2485 (bd).
860 2404 933 2470 Non
953 2407 987 2469 in
1005 2407 1066 2470 hac
1080 2408 1191 2473 latitu-

101 2508 184 2570 dine
196 2506 447 2586 significationis
462 2523 551 2569 nuno
566 2505 607 2568 de
623 2506 768 2586 potentia
781 2504 962 2585 loquimur,
979 2505 1036 2569 sed
1053 2515 1088 2568 ut
1104 2526 1192 2586 pres·

101 2607 175 2669 siue
189 2615 321 2685 accepta
346 2615 467 2666 certam
483 2604 652 2684 qualitatis
674 2602 818 2683 speciem
838 2602 997 2683 designat.
1013 2603 1068 2666 Sic
1082 2615 1191 2668 autem

101 2714 236 2785 accepta
251 2703 430 2766 definitur:
446 2703 635 2783 principium
648 2702 829 2783 proximum
843 2699 975 2783 alicujus
992 2703 1191 2782 operationis,

99 2804 144 2864 ed
165 2821 289 2883 eumque
309 2809 427 2863 nutura
444 2818 502 2862 tuo
524 2800 701 2862 institutum
714 2806 740 2861 et
762 2798 950 2863 ordinatum.
974 2799 1011 2861 ln
1032 2817 1096 2880 qua
1113 2801 1193 2863 deli·

11 2940 12 2943 =
101 2900 235 2963 nitione
250 2901 320 2962 brec
335 2897 532 2961 advertenda
547 2905 635 2959 sunt.

11 2998 13 3021 '
146 3000 180 3062 1⁰
191 2997 374 3062 Potentiam
384 2996 449 3060 dici
459 2996 662 3077 principium
675 2995 1087 3076 prosimumoperationis.
1102 2998 1194 3060 Prin-

11 3106 12 3109 ’
95 3097 232 3179 cipium
253 3097 342 3159 enim
356 3094 539 3177 principale
554 3103 602 3157 est
618 3093 687 3174 ipsa
704 3093 897 3169 substantia,
914 3111 988 3173 quae
1003 3111 1061 3174 per
1077 3103 1191 3174 poten·

98 3198 182 3260 tiam
198 3205 366 3276 operatur.

144 3294 179 3356 2⁰
194 3293 403 3374 operationis
418 3293 552 3356 nomine
568 3292 680 3355 venire
692 3298 803 3353 aetum
818 3290 875 3371 qui
895 3307 913 3352 n
929 3288 1075 3370 potentia
1086 3289 1192 3352 dima-

101 3401 172 3467 nat,
194 3392 263 3453 sire
276 3399 420 3454 transeat
437 3391 472 3453 in
494 3390 635 3454 alterum
656 3388 852 3468 subjectum,
876 3395 913 3450 ut
927 3388 1107 3474 percussio,
1125 3388 1192 3452 sire

101 3499 235 3554 maneat
250 3489 373 3571 inipsa
389 3488 547 3570 potentia,
564 3497 601 3552 ut
612 3487 779 3568 cogitatio.

145 3591 180 3653 5⁰
195 3588 267 3652 Dici
288 3589 468 3669 potentiam
490 3588 694 3670 principium
716 3584 930 3667 operationis,
956 3592 1097 3665 spectata
1121 3583 1192 3663 ipsa

99 3688 296 3771 operatione
311 3690 345 3752 in
361 3706 407 3765 se,
419 3705 486 3751 non
506 3704 583 3751 vero
607 3695 751 3765 spectato
766 3684 836 3764 eius
849 3683 948 3746 modo
964 3700 972 3760 ;
990 3699 1065 3744 nam
1082 3681 1191 3762 quoad

100 3786 244 3866 modum
258 3786 407 3866 operatio
423 3784 463 3847 ab
478 3784 553 3847 aliis
570 3775 703 3868 quoqne
726 3780 900 3862 principiis
917 3777 1093 3859 dependet,
1111 3788 1146 3840 ut
1161 3798 1191 3843 v.

99 3903 149 3967 gr.
166 3883 215 3946 ab'
228 3883 354 3949 babitu.

11 3994 12 3997 ’
55 3993 57 3996 ’
142 3984 180 4048 4⁰
201 3981 346 4045 'leudem
363 3981 542 4063 potentiam
560 3979 625 4043 dici
642 3976 845 4061 principium
866 3976 954 4056 quod
970 3973 1011 4037 ad
1031 3974 1194 4056 operatio·
