2792 4600
437 370 523 415 nrnan
545 370 688 429 ouunrus,
713 371 805 417 aanor
827 372 860 417 u.
1134 355 1195 419 405

11 485 13 567 j
111 508 124 543 a
149 491 266 565 preter
287 484 436 548 ordinem
452 486 547 548 illum
563 485 704 565 operari.
718 485 831 551 Omnis
851 494 958 549 autem
982 495 1129 555 creatura
1145 496 1195 548 est

11 620 12 679 p
111 605 125 640 a
148 584 323 654 constituta
338 585 400 647 suh
415 585 545 660 ordine,
562 604 660 665 quem
678 585 761 647 licus
783 585 817 646 in
845 585 943 649 robus
959 585 1084 648 statuit.
1099 584 1196 648 Nulla

11 736 12 773 p
111 704 125 741 a
149 701 226 764 ergo
241 694 388 746 creatura
415 693 519 764 potest
544 703 643 764 supra
666 686 755 747 hunc
779 684 930 749 ordinem
947 685 1089 766 operari,
1106 683 1196 765 quod

112 806 126 838 a
148 790 196 844 est
213 782 370 844 miracula
386 782 491 844 facere
506 787 556 861 (t).
575 806 589 841 »

148 880 180 941 2⁰
206 904 219 939 a
244 882 378 954 Quando
393 881 503 962 aliqua
525 882 626 944 virtus
645 880 736 944 finita
753 881 925 962 proprium
951 881 1102 944 effectum
1117 899 1195 963 ope·

110 999 126 1038 a
149 990 239 1066 ratur
265 979 304 1040 ad
332 998 430 1059 quem
452 979 701 1053 determinatur,
726 998 789 1045 non
813 992 861 1042 est
883 980 1078 1041 miraculum
1096 997 1104 1043 :
1121 980 1197 1043 licet

111 1101 125 1136 a
151 1078 255 1158 possit
278 1097 348 1141 esse
372 1079 491 1141 mirum
519 1079 630 1151 alicui,
649 1081 705 1160 qui
731 1080 822 1142 illam
845 1080 1080 1142 virtutemnon
1106 1097 1197 1142 com·

111 1198 126 1236 ι
150 1178 364 1257 prehendit...
374 1178 488 1243 Omnis
501 1188 609 1241 autem
622 1187 778 1241 creature
792 1178 935 1260 potentia
947 1191 995 1240 est
1006 1178 1144 1240 limitata
1157 1180 1197 1240 ad

111 1298 125 1333 a
149 1274 294 1357 aliquem
310 1276 564 1338 determinatum
579 1276 742 1353 effectum,
756 1277 804 1339 vel
819 1276 858 1338 ad
872 1277 1012 1358 aliquos.
1027 1275 1197 1357 Quidquid

111 1392 226 1454 «erqo
252 1374 370 1437 virtute
396 1375 620 1455 cujuscunque
647 1385 802 1439 creaturae
829 1376 894 1450 hat,
912 1394 978 1438 uon
1002 1384 1107 1457 potest
1130 1374 1197 1438 dici

112 1471 347 1534 «miraculum
379 1473 524 1553 proprie,
550 1473 609 1534 etsi
641 1474 683 1534 sit
710 1474 833 1537 mirum
863 1484 1017 1538 creaturae
1045 1474 1198 1536 virtutem

113 1592 127 1628 «
152 1569 242 1632 illius
256 1588 322 1632 non
339 1569 629 1651 comprehendenti
642 1572 692 1648 (s).
713 1592 727 1628 s
1077 1645 1082 1652 ⁹

119 1664 122 1672 ’
150 1669 183 1730 5⁰
207 1689 221 1725 a
246 1667 361 1731 Omnis
383 1675 529 1730 creatura
553 1668 586 1729 in
614 1686 670 1731 sua
698 1669 826 1731 actione
851 1668 992 1749 requirit
1016 1668 1197 1748 subjectum

112 1789 126 1825 a
150 1766 297 1846 aliquod,
312 1766 345 1827 in
363 1767 450 1847 quod
464 1777 546 1846 agat.
563 1767 674 1829 Solius
690 1776 799 1829 autem
817 1766 872 1828 [lei
888 1775 948 1842 est,
963 1787 1001 1828 ex
1016 1767 1124 1830 nihilo
1138 1767 1198 1828 ali·

111 1887 125 1923 a
151 1864 229 1946 quid
248 1865 392 1928 lacere...
410 1865 502 1929 Nihil
518 1873 625 1928 autem
648 1866 738 1945 quud
762 1866 901 1945 requirit
929 1866 962 1926 iu
988 1884 1045 1928 sua
1071 1865 1198 1928 actione

111 1988 124 2023 ι
150 1964 343 2042 subjectum,
356 1973 460 2044 potest
473 1982 578 2043 agere,
593 1963 656 2026 nisi
679 1964 789 2025 illaad
811 1982 883 2043 quae
902 1964 1084 2042 subjeetum
1099 1975 1146 2024 est
1162 1965 1196 2025 in

109 2085 128 2122 «
152 2063 319 2143 potentia:
340 2063 401 2124 hoc
417 2062 505 2124 enim
523 2081 620 2142 agens
636 2062 669 2124 in
686 2062 1012 2141 suhjectumeliquod
1030 2072 1195 2142 operatur,

111 2187 126 2219 a
150 2174 185 2223 ut
200 2163 316 2224 educat
332 2162 413 2226 illud
428 2161 468 2223 de
482 2163 626 2243 potentia
638 2164 670 2223 in
683 2171 803 2223 actum.
815 2160 910 2223 Nulla
925 2162 1024 2240 igitur
1034 2169 1194 2238 creatura,

109 2283 125 2321 ι
149 2262 234 2325 sicut
249 2276 311 2323 nec
326 2278 435 2323 creare
450 2269 565 2341 potest,
581 2260 624 2322 ita
636 2272 666 2322 et
678 2278 739 2323 nec
751 2278 844 2341 agere
858 2270 962 2341 potest
975 2260 1008 2322 iu
1021 2260 1131 2342 aliqua
1147 2278 1194 2338 re,

110 2382 126 2417 a
150 2360 213 2422 nisi
235 2360 321 2440 quod
346 2371 393 2422 est
420 2360 453 2422 in
482 2362 625 2441 potentia
652 2360 744 2422 illius
766 2360 825 2422 rei.
842 2360 937 2422 Fiunt
963 2369 1070 2423 autem
1095 2360 1197 2423 multe
1282 2352 1287 2360 ’

109 2459 307 2522 «miracula
330 2460 498 2534 divinitus,
522 2460 601 2523 dum
630 2461 662 2521 iu
690 2479 725 2523 re
750 2459 860 2538 aliqua
882 2459 917 2520 m
942 2458 1052 2520 divina
1078 2460 1197 2523 virtute

110 2578 125 2615 a
151 2558 238 2638 quod
256 2575 321 2620 non
338 2564 386 2619 est
402 2557 435 2618 in
453 2562 596 2636 potentia
613 2557 703 2618 illius
721 2558 808 2620 rei...
826 2558 899 2620 Haeo
915 2556 1015 2636 igitur
1038 2556 1197 2620 miracula

110 2677 126 2713 e
151 2654 241 2717 nulla
257 2633 375 2718 virtute
385 2663 490 2717 creata
503 2654 572 2716 heri
591 2662 729 2735 possunt
741 2657 789 2732 (ε).
808 2678 823 2713 s

149 2753 221 2818 440.
247 2755 426 2817 Pnorosmo
447 2753 501 2815 lll.
529 2752 702 2816 Tamiani
726 2753 819 2834 quom
844 2753 921 2815 mali
948 2753 1074 2832 spiritus
1099 2753 1196 2815 mira-

108 2853 185 2915 titia
210 2853 348 2932 quddam
373 2861 548 2932 perpetrare
567 2859 706 2931 possunt,
724 2870 788 2915 uon
813 2852 1015 2933 posmodum
1040 2850 1195 2927 miraculi,

106 2951 159 3011 ted
168 2968 225 3030 per
238 2951 361 3011 modum
376 2950 465 3011 artis.

150 3046 212 3109 Per
231 3045 367 3108 modum
390 3044 539 3107 miraculi
568 3043 735 3106 mirabilia
761 3044 843 3107 fiunt
858 3045 981 3125 absque
997 3044 1197 3107 naturalium

5 3139 6 3144 ’
106 3144 271 3225 agentium
287 3143 486 3217 actionibus,
506 3152 539 3205 ut
555 3162 592 3204 er
608 3142 754 3231 dictisoin
769 3143 963 3223 precedenti
977 3142 1116 3205 articulo
1129 3160 1197 3203 rna·

5 3273 6 3294 r
107 3243 265 3309 nilestum
294 3258 342 3304 est
374 3259 382 3306 ε
415 3261 473 3322 per
502 3242 637 3305 modum
668 3259 746 3304 vero
774 3241 871 3317 artis,
902 3260 1004 3323 quum
1033 3241 1198 3304 mediante

5 3377 6 3380 π
106 3343 237 3405 actione
254 3342 493 3423 principiorum
510 3341 709 3404 naturalium
732 3358 827 3419 agens
844 3340 1061 3420 intelligentia
1078 3340 1197 3420 praedi-

106 3450 232 3504 tumea
249 3440 335 3515 lacit,
354 3458 426 3522 quae
447 3428 560 3502 mitum
590 3430 770 3520 producere
792 3457 857 3502 non
886 3448 1001 3520 potest,
1020 3438 1068 3500 vel
1084 3440 1198 3500 saltem

105 3540 370 3613 convenientius,
388 3539 514 3613 utilius,
533 3540 679 3602 ornatius
695 3558 733 3601 ea
750 3540 835 3614 lacit,
854 3557 926 3620 quae
941 3546 1057 3601 natura
1073 3538 1199 3599 nuditer

110 3638 296 3719 producere
311 3637 407 3700 solet.

149 3726 232 3801 444.
247 3736 357 3798 Prima
371 3752 443 3816 pars
456 3736 691 3818 propositionis
709 3755 782 3817 que
797 3736 944 3817 negativa
955 3746 1014 3813 est,
1030 3756 1068 3798 ex
1080 3753 1198 3816 prece·

107 3834 200 3897 denti
219 3834 447 3915 propositione
460 3833 648 3897 immediate
663 3835 887 3917 consequitur.

142 3984 172 4037 tt)
188 3981 414 4041 contramoliri.
430 3980 474 4028 111.
484 3992 505 4027 c.
517 3983 568 4029 Cll.
579 3985 592 4038 t
604 3985 625 4029 l.

141 4056 172 4111 ιε)
188 4055 251 4102 rora.
262 4055 306 4110 se
320 4080 343 4089 -
356 4057 387 4113 (a,
398 4054 513 4111 triana.
