2792 4600
187 336 253 401 262
542 394 543 397 ,
590 339 591 344 ’
624 356 815 404 oosuonoou.
905 316 911 331 ¹

229 468 262 531 2⁰
275 469 347 531 llaec
363 486 439 532 vero
455 468 647 549 ignorantia
659 470 819 550 professio
834 469 930 533 latam
947 470 1155 551 scepticismo
1168 471 1278 552 aporit
1336 545 1338 549 Α

187 568 287 631 viam.
299 566 380 630 Nam
391 586 420 633 v.
438 586 487 649 gr.
504 567 621 632 eodem
633 578 727 650 pacto
739 569 849 633 dicere
862 569 990 634 licebit:
1008 571 1117 632 anima
1134 571 1279 634 humana

187 672 239 727 est
257 665 446 742 substantia,
472 686 545 748 quae
560 686 595 731 se
618 668 801 731 manifestat
822 667 1019 748 cogitatione
1046 677 1079 731 et
1099 658 1277 744 voluntate,
1298 749 1300 752 1

190 763 247 827 sed
264 763 357 845 cujus
370 765 425 829 illa
440 775 563 829 naturae
575 767 629 842 sit,
647 767 770 831 nescio.

233 863 267 926 3⁰
283 861 344 936 Qui
361 864 410 928 sic
423 865 488 947 agit
501 866 684 929 universam
698 866 802 928 diruit
815 865 1081 947 metaphysicam,
1094 865 1187 945 cujus
1201 865 1279 929 linis

191 970 241 1026 est
255 971 292 1025 ut
303 981 413 1027 rerum
429 964 585 1027 essentias
601 965 739 1046 detegat.

231 1061 302 1124 4οΕ
319 1064 483 1126 contrario
495 1064 551 1143 qui
565 1064 704 1125 alterum
717 1070 855 1143 systema
868 1072 1087 1143 propugnant,
1105 1061 1280 1124 essentiam

191 1161 549 1244 corporis=eaplicant3
574 1180 649 1225 nam
670 1161 856 1224 essentialia
879 1161 949 1243 eius
969 1160 1177 1228 constitutiva
1198 1161 1281 1224 assi·

191 1267 304 1341 gnaut.
1181 1273 1183 1276 ’

233 1358 266 1420 5⁰
281 1357 350 1421 lmo
367 1358 516 1422 doctrina
532 1359 600 1423 haec
614 1357 866 1441 compositionis
886 1356 1111 1421 substantialis
1127 1376 1164 1420 ex
1181 1364 1283 1421 mate·

192 1456 241 1519 ria
263 1475 299 1519 ao
320 1456 437 1532 forma,
461 1460 571 1521 omnia
591 1459 739 1541 explicat,
764 1473 902 1538 regnum
925 1456 1096 1534 minerale,
1123 1457 1279 1538 vegetale,

192 1554 346 1628 animale,
367 1555 520 1637 ipsasque
539 1555 661 1620 formas
686 1551 875 1636 separatas,·
897 1564 1011 1637 estque
1039 1573 1113 1619 vere
1135 1554 1281 1618 universi

190 1652 417 1734 philosophici
434 1654 564 1717 aedilicii
582 1654 841 1718 fundamentum.

207 1757 209 1760 ’
236 1753 307 1817 lbi.
328 1751 423 1832 Resp.
438 1752 515 1835 Nep.
532 1763 600 1817 oret,

232 1852 310 1915 Tres
328 1852 442 1933 primae
455 1851 666 1932 probationes
682 1849 862 1912 tundantur
877 1847 1005 1911 insalsa
1020 1847 1163 1930 quadam
1179 1848 1281 1911 inter·

193 1953 375 2034 pretatione
400 1950 587 2014 verborum.
608 1949 717 2022 Quum
737 1948 826 2011 enim
855 1948 1008 2022 dicimus,
1040 1966 1100 2011 nos
1117 1946 1281 2016 ,intimam

192 2060 377 2114 atomorum
392 2048 566 2111 essentiam
583 2048 745 2129 ignorare,
763 2063 901 2128 eamque
912 2048 1020 2109 solum
1035 2065 1073 2109 ex
1096 2045 1165 2126 ejus
1177 2047 1282 2108 sensi·

192 2147 317 2211 bilibus
337 2147 657 2211 manifestationibus
678 2164 887 2227 cognoscere,
909 2163 1017 2208 sermo
1037 2145 1144 2228 nobis
1162 2155 1210 2207 est
1240 2145 1281 2209 de
1342 2176 1345 2183 ·

191 2246 379 2329 cognitione
395 2247 554 2324 intuitivas,
578 2264 677 2328 quam
697 2245 845 2328 prolecto
867 2262 964 2309 nemo
986 2245 1049 2308 sibi
1083 2253 1224 2326 arrogat,
1252 2244 1280 2308 si

192 2347 277 2410 forte
292 2365 349 2409 eos
364 2346 517 2426 excipias,
535 2345 591 2426 qui
610 2343 757 2408 Absoluti
775 2343 997 2425 cognitionem
1013 2344 1076 2405 sibi
1101 2343 1281 2406 vindicant.

191 2445 265 2510 Non
280 2453 328 2507 est
342 2444 451 2525 itaque
464 2442 559 2507 nobis
572 2461 691 2519 sermo,
705 2460 766 2504 neo
780 2460 851 2504 esso
867 2450 972 2522 potest
986 2441 1028 2503 de
1043 2460 1081 2505 ea
1092 2441 1283 2522 cognitione

193 2563 266 2628 quae
282 2545 410 2606 homini
428 2541 595 2624 possibilis
610 2551 668 2617 est,
683 2561 842 2623 quaeque,
852 2550 888 2604 ut
903 2542 938 2603 in
954 2539 1122 2622 Ontologia
1137 2541 1283 2622 explica·

192 2645 300 2707 vimus
313 2641 360 2720 (0.
378 2642 441 2721 tot,
458 2651 632 2706 constater
648 2642 863 2723 conceptibus
876 2640 1074 2721 quibusdam
1091 2639 1283 2703 indetermi-

193 2745 290 2816 natis,
307 2742 403 2818 entis,
421 2741 588 2814 realitatis‚
611 2740 782 2820 principii,
799 2740 941 2820 aliisque
957 2738 1160 2820 hujusmodi,
1185 2749 1284 2820 atquc

193 2844 277 2906 ideis
296 2834 504 2904 sensibilium
527 2840 775 2919 proprietatum.
797 2838 987 2902 Hanoenim
1008 2838 1233 2919 cognitionem
1251 2846 1285 2902 ot

193 2942 320 3023 assequi
338 2956 524 3022 possumus,
542 2947 573 3002 et
597 2940 723 3019 assequi
743 2956 802 3019 pro
818 2937 944 2999 viribus
959 2937 1284 3004 contendimuslle·

193 3059 258 3123 que
270 3035 883 3118 aliaestoognltiocorporeae'essentiae,
895 3035 1179 3116 quamadversarii
1194 3036 1282 3125 nacti

192 3148 280 3201 sunt.
298 3135 401 3210 Quare
416 3137 443 3198 si
458 3154 523 3217 qua
544 3137 727 3217 ignorantia
748 3136 809 3197 hac
829 3134 862 3197 in
886 3152 922 3197 re
944 3135 1142 3210 laboramus,
1166 3152 1203 3197 ea
1225 3152 1285 3198 no·

192 3238 245 3301 bis
257 3246 304 3300 est
320 3255 395 3299 oum
412 3235 529 3298 iisdem
542 3237 739 3299 communis.
753 3236 818 3300 Nos
830 3234 919 3296 enim
936 3235 1034 3297 atomi
1048 3234 1223 3314 essentiam
1238 3234 1284 3298 ita

194 3336 433 3398 discribimus:
457 3327 660 3404 substantiam
684 3335 866 3395 extensione,
889 3334 1072 3413 geometrico
1095 3339 1121 3395 et
1146 3335 1178 3395 oi
1207 3334 1285 3395 reai-

193 3433 293 3496 ateudi
301 3433 472 3514 proditum.
491 3431 540 3493 llli
557 3449 653 3495 vero:
671 3431 875 3499 substantiam
890 3434 1099 3494 coclesoeatcm
1111 3449 1149 3495 cot
1163 3432 1286 3495 duobus

192 3531 392 3604 restitutioni,
416 3549 548 3612 quorum
570 3533 665 3594 altero
686 3539 730 3592 est
749 3530 938 3612 principium
965 3531 1161 3604 extensionis,
1185 3531 1300 3594 altera*

192 3634 250 3695 oia.
268 3631 356 3717 inter
372 3648 452 3713 quas
467 3630 562 3692 binas
576 3629 814 3709 descriptiones
826 3637 930 3692 totum
947 3629 1126 3692 discrimen
1147 3630 1209 3691 hoc
1220 3638 1282 3704 est,

194 3729 284 3812 quod
297 3737 421 3811 partem
434 3729 636 3793 delinitionis
650 3728 934 3792 indeterminatam
951 3745 1011 3791 nos
1026 3727 1215 3807 simplicem
1224 3745 1284 3838 po·

193 3829 321 3904 nimus;
334 3827 382 3888 illi
400 3846 474 3889 vero
488 3827 703 3907 compositam
716 3845 754 3888 ex
767 3826 894 3888 duabus
910 3825 985 3887 aliis
1002 3824 1281 3901 indeterminatis;

193 3943 252 3987 seu
268 3923 412 4000 brevius,
432 3925 521 4007 quod
543 3925 577 3987 in
600 3943 665 3988 una
686 3924 881 3988 delinitione
893 3942 957 3988 una
980 3933 1106 3987 tantum
1122 3936 1169 3987 est
1190 3925 1284 3987 inco·

193 4025 295 4106 gnita,
313 4023 348 4086 in
363 4023 464 4088 altera
480 4024 654 4106 incognitae
669 4024 757 4086 binae
772 4032 860 4087 sunt.
