2792 4600
108 290 171 352 tar
466 310 468 312 ·
576 309 747 357 onrotoen.

105 422 234 484 dubitet
251 431 360 483 utrum
373 421 616 500 corpusintluat
631 425 694 486 hoe
708 434 800 503 pacto
814 424 847 485 in
864 424 1008 487 hominis
1019 424 1193 487 essentiam

105 532 163 580 aut
179 536 322 581 marmor
338 519 371 580 in
388 521 562 582 essentiam
576 524 709 584 statuae?
1161 520 1164 525 ’

146 615 202 678 Est
217 617 248 678 2⁰
269 635 365 680 causa
394 619 571 689 intrinseca
591 629 738 700 respectu
755 621 867 685 formae
883 640 955 701 quae
971 621 1011 682 ab
1029 621 1098 700 ipsa
1113 621 1194 684 edu·

96 715 203 778 citur.
222 715 337 778 Forma
353 718 442 779 enim
458 717 619 796 ejusmodi
636 738 654 780 a
671 721 806 783 materia
822 720 985 800 dependet
997 729 1028 782 et
1040 729 1075 782 ut
1088 721 1195 795 fiat,et

103 821 141 877 ut
163 834 232 877 esse
256 826 379 896 pergat.
403 818 488 897 Ergo
511 819 646 880 materia
667 828 716 880 est
739 819 808 898 ejus
831 837 938 882 causa.
970 821 1008 882 Et
1030 827 1077 881 est
1099 838 1196 882 causa

103 914 285 976 extrinseca
297 939 304 983 ;
315 914 392 995 quia
405 933 549 978 marmor
560 936 590 977 v.
603 935 652 996 gr.
671 936 738 980 nnn
754 926 802 980 est
818 917 928 997 figurae
943 917 1195 996 Apolliniseon·

102 1004 301 1087 stitutivum‚
319 1013 375 1075 sed
392 1014 601 1078 solummodo
617 1014 814 1093 subjectum.
877 1025 878 1029 ’

146 1110 201 1173 Est
225 1129 324 1191 porro
347 1112 464 1174 sedulo
486 1096 826 1185 animadvertendum,
852 1113 1025 1175 materiam
1046 1123 1198 1194 respectu

102 1209 230 1285 formae,
247 1229 319 1289 quae
335 1210 375 1271 ab
398 1210 467 1289 ipsa
491 1229 556 1272 non
580 1211 742 1284 educitur,
761 1229 830 1272 esse
846 1211 981 1290 quidem
999 1210 1193 1290 subjectum,

104 1325 172 1370 non
196 1327 272 1371 vero
296 1326 427 1369 eausam
458 1308 672 1383 materialem,
707 1309 763 1370 sed
798 1309 1008 1371 solummodo
1031 1309 1195 1371 conditio·

103 1396 180 1468 nem
204 1417 238 1469 ut
261 1407 317 1467 illa
340 1406 406 1468 flat.
432 1408 476 1469 lta
509 1425 543 1469 se
577 1407 674 1469 habet
696 1426 817 1488 eorpus
841 1409 1022 1470 humanum
1046 1418 1195 1487 respectu

103 1521 235 1566 ammae.
1021 1508 1025 1522 '

144 1601 160 1632 *
175 1602 247 1665 ato.
275 1603 453 1667 Pnorosmo
483 1603 522 1666 ll.
555 1603 668 1667 Forma
695 1606 767 1667 item
784 1605 927 1686 physice,
942 1604 1113 1684 ubicunque
1130 1623 1197 1665 ecre

90 1693 196 1773 'adest
209 1704 449 1783 proprietatem
463 1711 516 1765 est.

145 1801 203 1865 Est
220 1802 249 1863 1⁰
271 1820 367 1864 eausa
381 1802 556 1866 intrinseca
573 1803 747 1883 compositi
773 1804 861 1889 quod
884 1802 1067 1866 constituit.
1094 1801 1197 1866 Habet

104 1901 194 1962 enim
221 1901 440 1980 compositum
457 1918 475 1962 a
490 1918 548 1961 sua
575 1901 679 1962 forma
695 1912 729 1962 ut
745 1902 786 1962 sit
803 1901 834 1961 id
851 1901 940 1981 quod
956 1909 1016 1962 est.
1050 1900 1076 1961 Α
1093 1899 1195 1961 forma

19 2054 25 2063 .
106 2017 185 2078 ergo
201 1998 375 2088 dependet,
388 2007 423 2060 ut
437 1997 478 2058 ab
495 1998 673 2061 intrinseco
690 1998 914 2061 constitutivo.

148 2099 205 2161 ltst
221 2100 251 2158 Ψ
265 2114 361 2157 eausa
376 2096 557 2157 extrinseca
572 2108 722 2176 respectu
743 2097 887 2158 materiae
901 2096 934 2158 in
947 2114 1012 2176 qua
1024 2094 1195 2175 recipitur.

107 2201 187 2258 Nam
203 2195 265 2275 ipsi
282 2193 398 2256 tribuit
414 2203 448 2256 ut
459 2194 498 2257 ad
513 2203 633 2256 certam
649 2195 776 2257 entium
792 2194 935 2275 speciem
951 2203 1025 2256 actu
1041 2192 1197 2255 determi-

110 2309 220 2358 netur.
1036 2360 1039 2366 ,

151 2394 225 2456 dli.
250 2393 322 2454 llaec
339 2391 540 2471 in-praesenti
557 2391 732 2454 sufficiant.
749 2393 812 2456 Sed
840 2411 916 2455 cave
939 2410 980 2453 nc
1005 2392 1056 2453 his
1072 2398 1198 2453 tantum

110 2491 305 2573 notionibus
321 2490 478 2564 imbutus,
495 2492 534 2553 de
550 2509 659 2552 rerum
677 2491 877 2553 naturalium
892 2490 1127 2553 constitutione
1142 2490 1199 2553 dc·

110 2608 247 2656 cernere
261 2589 472 2669 aggrediaris.
491 2591 684 2670 Quanquam
700 2591 789 2651 enim
806 2590 957 2652 notiones
974 2590 1042 2650 istae
1057 2589 1122 2650 sint
1135 2588 1199 2649 uti·

112 2694 160 2755 les
176 2698 273 2770 atque
287 2690 366 2751 adeo
382 2692 590 2753 necessaria:
608 2707 796 2769 quanquam
813 2708 849 2751 ea
866 2707 938 2769 quae
967 2687 1201 2766 praestituimus

19 2862 20 2882 ἶ
112 2798 146 2852 ct
161 2798 276 2851 eaetera
296 2787 408 2848 omnia
433 2805 506 2866 quae
531 2787 606 2867 quis
621 2806 659 2848 ex
675 2787 728 2848 his
744 2786 935 2850 notionibus
950 2786 1082 2866 aptiori
1097 2785 1201 2848 dedu-

112 2906 189 2951 cere
204 2886 292 2955 velit.
311 2893 380 2946 tuto
396 2885 498 2964 recipi
515 2885 664 2965 possint;
682 2894 790 2948 tamen
817 2903 919 2964 quum
949 2885 989 2945 ad
1016 2901 1125 2946 rerum
1143 2901 1200 2945 na·

112 2997 222 3048 turam
255 2982 483 3062 explicandam
516 2983 552 3043 fit
583 2983 715 3061 gradus,
750 3002 857 3063 neque
891 2982 1034 3063 amplius
1056 3001 1072 3043 a
1097 2982 1201 3062 priori

115 3083 294 3164 procedere
320 3081 408 3155 lieet,
427 3081 459 3142 in
484 3082 601 3160 primis
617 3092 648 3143 et
662 3095 736 3144 ante
763 3084 873 3145 omnia
890 3082 1068 3144 videndum
1084 3092 1142 3155 est,
1161 3099 1202 3142 an

114 3182 268 3244 notiones
282 3180 351 3242 istae
367 3178 464 3242 rebus
479 3180 637 3259 applicari
659 3170 796 3260 ⁴possint
826 3188 857 3242 et
887 3181 1055 3260 quomodo
1071 3188 1102 3241 ct
1118 3175 1214 3241 intra

114 3298 199 3360 quos
216 3279 357 3351 limites;
374 3287 443 3340 tum
460 3276 493 3338 id
510 3295 608 3339 omne
623 3278 713 3357 quod
731 3280 763 3339 iu
780 3278 898 3339 iisdem
911 3296 1026 3357 vagum
1042 3287 1089 3337 est
1105 3286 1136 3339 et
1152 3278 1202 3338 in-

114 3378 382 3451 determinatum,
416 3376 723 3456 experimentalium
758 3377 967 3439 scientiarum
999 3376 1203 3439 adminiculo

19 3521 28 3544 ,¹
113 3476 328 3539 determinari
345 3485 375 3536 et
390 3465 547 3554 compleri
562 3475 670 3536 debet.
683 3475 785 3563 Secus
792 3475 1025 3537 obscuritatem
1034 3492 1201 3553 congeres,

19 3567 30 3628 l
115 3593 183 3639 non
196 3575 303 3636 lucem
320 3573 445 3648 afferes,
461 3583 491 3634 et
504 3574 537 3634 in
551 3573 648 3634 falsas
660 3592 793 3653 quoque
805 3573 1035 3637 conclusiones
1048 3591 1114 3636 non
1132 3590 1204 3635 raro

19 3627 35 3942 p

114 3674 265 3735 decides..
277 3673 339 3734 Sed
355 3672 396 3732 de
413 3672 463 3732 his
480 3672 545 3753 alio
562 3674 595 3733 in
612 3674 697 3735 loce.

156 3770 230 3832 eta.
256 3773 359 3832 Pauca
377 3769 417 3830 de
434 3787 530 3831 causa
548 3771 728 3850 exemplari.
742 3772 914 3851 Exemplar
929 3779 976 3832 est
992 3767 1206 3848 formamenta

110 3878 331 3949 praeconcepta,
355 3869 389 3930 io
410 3871 497 3947 eujus
511 3868 743 3931 similitudinem
766 3870 801 3949 fit
822 3869 947 3949 aliquod
962 3886 1037 3948 optes
1052 3887 1090 3929 ee
1104 3868 1205 3929 inten-

112 3968 196 4030 tieoe
210 3968 376 4047 operantis.
395 3968 478 4030 Hinc
494 3966 648 4042 deduces,
