2792 4600
200 360 261 425 288
386 317 390 324 θ
461 315 465 322 ¹
632 373 823 420 cosnouocn.

243 491 315 554 177.
339 490 420 554 Actu
431 507 508 550 vero
522 490 571 550 bae
584 489 751 569 portiones
764 487 977 568 designantur
989 506 1047 569 per
1058 488 1201 569 aliquam
1215 508 1284 553 cau·

202 604 271 650 sam
295 587 510 650 extrinsecam
531 585 594 666 ipsi
619 585 804 648 ostensioni
822 604 830 651 :
861 587 890 649 l⁰
911 603 970 666 par
983 584 1191 662 divisionem,
1207 588 1234 650 ai
1249 606 1285 650 ea

203 685 371 766 possibilis
393 693 453 761 est,
476 685 517 748 de
539 703 606 766 quo
622 684 722 748 modo
738 703 803 749 non
821 677 953 766 quaar0,·
969 686 1017 748 vel
1039 693 1126 747 certe
1141 703 1200 768 per
1214 703 1284 767 par·

202 783 286 847 tium
302 783 562 863 designationem
578 789 746 862 utcunque
762 780 891 855 laetam,
909 782 1023 843 saltem
1039 790 1148 845 mente
1160 800 1169 847 :
1183 784 1216 847 2⁰
1231 801 1286 865 per

202 881 337 963 aliquod
353 881 516 956 accidens,
532 880 717 943 extensioni
733 896 789 941 seu
816 878 1006 942 substantia
1021 890 1160 943 extensae
1175 893 1288 961 super·

149 1057 152 1062 γ
203 979 369 1055 additum3
392 996 496 1060 quum
513 967 631 1059 nempe
657 979 691 1039 in
707 977 866 1041 continuo
883 977 1018 1059 ponitur
1032 978 1143 1059 aliqua
1157 978 1287 1060 opposi-

204 1088 310 1141 tarum
333 1077 543 1140 affectionum
564 1094 621 1140 seu
643 1076 841 1139 relationum
864 1075 1046 1152 diuersitas,
1070 1076 1194 1157 quaein
1216 1076 1287 1139 infi-

205 1176 312 1239 nitum
335 1175 512 1239 divisibilis
537 1191 604 1237 non
629 1174 689 1251 sit,
708 1173 765 1236 sed
789 1172 824 1235 in
842 1172 1038 1236 indivisibili
1062 1173 1231 1238 consistat.
1250 1173 1288 1239 tn

206 1275 356 1356 exemplo
370 1293 439 1337 rem
463 1274 637 1355 explicem,
662 1273 796 1354 quando
819 1291 885 1335 una
901 1273 1001 1336 atomi
1018 1291 1105 1354 pars,
1122 1274 1233 1355 prouti
1256 1275 1288 1337 in

205 1376 236 1438 θ’
257 1374 447 1437 difficultate
467 1373 697 1453 objiciebatur,
720 1373 834 1454 polum
852 1373 948 1435 babet
963 1372 1185 1437 electricitatis
1202 1374 1287 1456 posi·

205 1473 287 1547 tivae,
302 1474 403 1535 altera
415 1473 528 1554 polum
542 1472 710 1553 negativae,
723 1472 772 1535 vel
784 1489 847 1534 una
860 1489 934 1552 pars
942 1471 1098 1552 tangitur,
1112 1472 1215 1536 altera
1227 1490 1290 1537 non

206 1573 358 1651 tangitur,
375 1571 426 1633 bae
440 1580 548 1652 partes
560 1580 632 1632 actu
648 1569 908 1650 distinguuntur,
925 1568 1004 1649 quia
1020 1568 1137 1631 harum
1152 1569 1290 1633 allectio·

207 1686 287 1730 num
303 1668 425 1730 limites
441 1679 546 1731 certos
563 1669 722 1731 terminos
737 1656 857 1748 cuique
869 1668 953 1748 parti
970 1667 1165 1731 attribuunt.
1183 1666 1289 1730 Simili

207 1767 307 1829 ruodo
321 1767 349 1828 si
365 1766 674 1847 parallelipipedum
686 1785 717 1828 v.
733 1782 780 1846 gr.
797 1775 887 1829 motu
900 1764 1105 1829 oscillatorio
1118 1765 1207 1828 circa
1220 1783 1290 1847 pro·
1325 1817 1330 1828 .

166 1931 170 1939 ,
209 1863 318 1946 prium
344 1863 510 1945 pravitatis
529 1872 678 1925 centrum
695 1870 875 1937 moveatur,
898 1862 954 1924 bio
975 1861 1045 1942 ipse
1067 1870 1175 1926 motus
1200 1863 1290 1926 binas

208 1971 316 2042 partes
340 1963 375 2023 in
400 1978 439 2024 eo
456 1959 653 2040 distinguit:
681 1960 869 2041 pariterque
890 1961 918 2021 si
944 1958 1067 2023 mobile
1090 1960 1226 2041 aliquod
1250 1962 1304 2023 ita,

207 2076 306 2139 super
331 2059 526 2122 continuum
548 2066 727 2133 moveatur,
745 2065 780 2120 ut
795 2073 863 2120 non
878 2064 983 2119 totum
1004 2058 1190 2133 emetiatur,
1209 2069 1240 2122 et
1258 2060 1289 2120 in

208 2176 247 2222 eo
262 2158 420 2239 quiescat,
438 2156 548 2238 quiete
565 2156 624 2218 bac
640 2155 788 2237 designat
803 2155 981 2217 terminum
997 2155 1176 2237 quemdam
1190 2166 1223 2219 et
1238 2176 1290 2219 ex·

208 2257 380 2333 tensionis,
409 2273 509 2337 quam
532 2255 707 2337 percurrit,
725 2265 756 2317 et
780 2255 991 2331 extensionis,
1017 2273 1115 2337 quam
1138 2274 1205 2321 non
1222 2273 1292 2338 per-

209 2358 322 2431 currit,
352 2367 449 2437 atque
477 2355 540 2418 boc
568 2362 663 2435 pacto
689 2353 936 2418 distinctionem
959 2355 1118 2418 actualem
1141 2355 1293 2418 binarum

101 2486 110 2496 ·
209 2454 351 2536 partium
369 2451 477 2517 efficit.
494 2445 591 2515 ldem'
601 2452 703 2515 dicito
719 2452 760 2514 de
772 2451 950 2516 similibus.

259 2552 329 2616 178.
361 2553 433 2614 Dixi
460 2570 538 2615 vero
562 2553 646 2616 banc
669 2550 810 2631 partium
833 2550 1081 2614 distinctionem
1104 2569 1171 2616 non
1194 2550 1292 2627 effici,

111 2652 113 2656 ’
211 2653 342 2733 quando
363 2649 571 2714 affectionum
592 2667 866 2732 quarumcunque
882 2651 1052 2713 diversitas
1067 2662 1115 2714 est
1130 2652 1165 2714 in
1181 2649 1292 2715 inlini·

210 2760 279 2812 tum
296 2748 487 2812 divisibilis.
508 2748 598 2811 Tunc
614 2749 703 2811 enim
718 2749 847 2812 allectio
863 2750 932 2813 baec
948 2749 1018 2830 ipsa
1034 2749 1183 2813 continui
1201 2762 1292 2814 natu·

210 2866 280 2910 ram
302 2848 486 2929 participat,
506 2848 679 2928 nullasque
702 2848 799 2910 babet
820 2849 961 2910 actuales
980 2857 1100 2929 partes.
1125 2849 1162 2912 V.
1184 2866 1235 2930 gr.
1260 2847 1293 2910 iu

211 2957 320 3009 atomo
336 2945 530 3027 pyramidali
548 2963 753 3027 quaecunque
772 2956 878 3027 partes
894 2932 1112 3021 assumantur,
1126 2948 1294 3029 heteroge-

211 3034 378 3108 neitatem⁴
392 3044 512 3137 bahent
528 3044 767 3125 magnitudinis
781 3063 790 3123 ;
812 3047 890 3127 quia
906 3063 972 3126 quo
987 3045 1123 3126 propius
1139 3046 1293 3110 accedunt

194 3139 250 3206 'ad
263 3144 368 3226 basim
385 3144 517 3209 latiores
533 3155 620 3218 sunt,
635 3155 667 3207 et
683 3162 750 3225 quo
766 3144 904 3225 propius
919 3141 1077 3239 accedunt
1088 3144 1128 3204 ad
1140 3145 1295 3206 verticem

210 3251 286 3304 sunt
300 3243 468 3306 arctiores.
485 3242 591 3322 Atque
605 3239 731 3306 idcirco
747 3243 816 3306 baec
831 3240 1088 3322 heterogeneitas
1104 3241 1292 3304 distinctio·

210 3358 285 3402 nem
301 3340 590 3402 determinatarum
606 3341 750 3420 partium
763 3340 887 3403 nullam
904 3340 993 3406 facit.
1011 3339 1167 3421 Idemque
1182 3339 1293 3403 dicen·

211 3438 288 3499 dum
310 3437 350 3498 de
376 3437 534 3499 continuo
561 3438 697 3518 sphaerae
726 3448 816 3502 motu
839 3438 925 3500 circa
952 3457 1050 3501 suurn
1066 3457 1171 3513 axem,
1189 3438 1295 3518 deque

210 3536 284 3598 aliis
307 3533 511 3614 hujusmodi.

252 3635 341 3696 Patet
356 3633 478 3712 itaque,
498 3631 667 3711 quomodo
683 3641 789 3713 partes
812 3633 845 3695 in
862 3633 1020 3696 continuo
1036 3634 1180 3697 actuales
1195 3633 1297 3696 nullae

210 3730 276 3792 sint
291 3749 329 3792 ex
353 3731 423 3811 ipsa
439 3727 587 3791 continui
611 3737 746 3806 natura;
772 3729 905 3792 aliunde
921 3747 996 3794 vero
1012 3730 1082 3793 lieri
1100 3732 1134 3793 in
1150 3732 1223 3813 ipso
1237 3739 1292 3793 aut

211 3828 375 3907 designari
390 3837 522 3909 queant.

251 3927 323 3991 179.
347 3927 397 3992 Ad
422 3924 564 4007 tn‘quod
581 3926 614 3988 in
631 3926 834 3990 contrarium
849 3926 1016 4009 objicitur,
1033 3929 1082 3992 sic
1096 3930 1296 4012 respondere

210 4043 398 4106 possumus.
417 4027 495 4101 Quae
510 4035 582 4089 actu
595 4043 661 4090 non
674 4024 934 4107 distinguuntur,
951 4046 1119 4109 nunquam
1135 4026 1292 4109 distingui
