2792 4600
459 264 545 308 uranu
567 264 729 320 sueonum,
753 264 844 308 curus
866 264 894 307 v.
1169 246 1230 308 153

161 379 202 439 1ο
225 377 306 440 Sola
323 378 381 439 illa
396 378 524 456 agentia
539 396 611 458 quae
627 376 795 438 intellectu
812 386 888 438 sunt
904 374 1049 455 predita,
1065 368 1231 455 exempla·

110 473 225 537 ribus
245 477 331 538 ideis
346 477 393 539 uti
408 495 515 556 posse.

158 573 200 634 ⁹2⁰
229 574 303 636 lmo
325 575 498 654 agentibus
531 593 588 655 per
613 574 816 636 intellectum
838 573 1058 652 exemplarem
1081 572 1242 652 aliquam,

111 668 245 741 ideam
273 673 487 734 necessariam
503 690 584 735 esse.
613 673 742 736 Etenim
758 673 843 735 sicut
866 689 902 733 ea
918 689 991 748 quae
1006 679 1104 748 agunt
1116 688 1155 731 ex
1171 687 1242 730 nae

113 778 210 828 turae
230 772 439 843 necessitate,
453 777 568 831 natura
585 773 654 849 ipsa
667 768 706 829 ad
724 767 1169 848 agendum'determinautur,
1187 769 1231 829 ita

112 883 199 946 quae
218 876 327 947 agunt
343 887 401 947 per
412 869 626 942 intellectum,
644 878 773 947 oportet
785 877 820 930 ut
834 886 890 945 per
908 866 1109 926 intellectum
1123 865 1231 928 deter-

115 964 318 1042 minentur,
343 986 410 1030 non
432 967 573 1047 quidem·
595 967 704 1046 quoad
738 966 911 1028 activitatis
933 983 999 1026 snae
1022 963 1227 1038 exercitium,

20 1124 22 1143 ¹
115 1080 204 1124 nam
225 1065 347 1128 hocad
363 1067 562 1129 voluntatem
580 1065 735 1145 pertinet,
753 1065 809 1127 sed
825 1064 932 1144 quoad
951 1062 1227 1142 specificationem

16 1240 17 1253 χ
115 1164 518 1227 aetusetdirectionem.

161 1260 199 1321 5⁰
227 1261 339 1341 Agens
353 1282 423 1342 ,per
449 1265 650 1326 intellectum
680 1281 746 1326 non
765 1262 957 1336 formaliter,
972 1262 1028 1342 sed
1045 1261 1230 1322 eminenter

117 1359 271 1422 effectus
292 1360 526 1439 perfectionem
543 1362 794 1442 praecentinere,
811 1361 964 1422 videlicet
980 1362 1013 1422 in
1031 1360 1102 1420 idea
1118 1377 1229 1421 exem-

121 1458 232 1539 plari.

164 1556 203 1617 4ο
228 1557 408 1636 Exemplar
423 1560 540 1621 merito
569 1559 655 1622 inter
678 1577 790 1621 causas
806 1558 981 1621 recenseri.
1006 1557 1066 1620 Ars
1081 1558 1170 1619 enim
1187 1556 1227 1617 ad

16 1680 17 1685 ¹
119 1673 232 1735 opera
249 1656 433 1720 artificialia
450 1658 618 1721 concurrit
631 1676 703 1720 vere
719 1669 755 1720 ut
769 1675 886 1734 causa;
905 1658 961 1718 sed
978 1675 1044 1719 non
1060 1656 1229 1718 concurrit

123 1754 190 1814 nisi
211 1773 276 1833 per
291 1756 456 1835 exemplar
467 1774 533 1836 quo
549 1756 663 1837 dirigit
678 1766 881 1836 operantem.
896 1757 991 1835 Ergo.
1240 1826 1244 1835 Ι

164 1852 202 1913 5⁰
227 1852 398 1932 lnteiliges
413 1872 472 1915 ‹rur
487 1855 652 1935 exemplar
667 1865 800 1917 vocetur
814 1874 909 1929 censa
923 1854 1063 1933 formulis
1077 1860 1225 1928 ceterum

124 1968 254 2030 nempe
271 1953 349 2031 quia
362 1953 409 2014 rei
427 1953 582 2014 faciendae
604 1952 742 2015 sormam
760 1954 874 2033 agendi
889 1953 994 2015 offert.

166 2047 203 2110 6⁰
228 2048 458 2113 Nihilominus
480 2050 657 2113 dicendum
680 2062 738 2125 est,
756 2051 921 2130 exemplar
944 2051 983 2112 ad
1006 2067 1136 2112 eausam
1158 2051 1222 2130 effi·
1265 2116 1269 2126 ι

125 2149 264 2210 cientem
290 2149 434 2209 moralem
461 2150 595 2226 proprie
621 2151 778 2213 revocari.
795 2149 841 2211 Ad
859 2167 988 2210 eausam
1004 2149 1140 2228 quidem
1156 2146 1224 2208 effi·

128 2245 290 2321 cientem,
324 2248 402 2328 quia
435 2250 604 2310 concurrit
623 2249 661 2309 ad
686 2266 770 2329 opus
799 2248 1030 2311 constituendo
1062 2243 1221 2308 artificem

130 2345 288 2425 proxime
309 2356 420 2423 aptum
442 2346 483 2406 ad
506 2347 668 2425 agendum
690 2358 779 2409 certo
802 2347 861 2409 ilio
885 2346 995 2407 modo.
1015 2346 1061 2407 Ad
1092 2361 1224 2406 oausam

128 2461 207 2505 uero
236 2444 410 2520 moralem,
427 2445 505 2525 quia
520 2446 688 2508 concurrit
703 2445 888 2525 dirigendo,
903 2463 943 2527 ac
969 2444 1123 2506 dictando
1139 2442 1222 2523 quid

131 2541 174 2602 sit
189 2540 395 2603 faciendum.

327 2685 346 2722 ⁵
574 2710 738 2756 acriculus
760 2714 790 2756 x.

277 2822 320 2883 De
332 2823 496 2904 principiis
510 2825 640 2885 rationis
654 2825 828 2906 sufficientia
840 2835 867 2887 et
881 2824 1084 2887 castulitatis.

173 2938 250 3000 513.
274 2938 368 3002 Ratio
384 2938 515 3000 definiri
531 2941 709 3019 generatim
735 2950 859 3020 potest:
875 2942 908 3002 id
923 2959 1010 3001 omne
1025 2958 1084 3020 quo
1108 2939 1227 3019 aliquid

136 3036 323 3117 intelligitur
344 3038 391 3128 pel
411 3045 509 3117 potest
530 3038 662 3118 intelligi
679 3042 727 3116 (r).
747 3039 829 3101 llinc
844 3056 954 3099 rerum
970 3038 1060 3099 ideas
1072 3056 1129 3098 seu
1144 3055 1224 3124 cpu-

137 3145 252 3215 ceptus
268 3135 389 3215 quibus
405 3154 456 3199 res
472 3138 639 3216 cognoscit
667 3138 862 3212 intellectus,
880 3138 1045 3215 appellare
1062 3137 1156 3213 vulgo
1171 3154 1224 3198 so·

138 3236 243 3296 lemns
256 3252 366 3296 rerum
379 3236 522 3297 rationes
534 3240 582 3313 (a).
601 3235 647 3299 lta
662 3236 803 3297 dicimus
817 3236 976 3297 rationem
988 3253 1018 3296 v.
1034 3252 1081 3313 gr.
1098 3234 1225 3295 virtutis

139 3343 192 3394 aut
207 3336 382 3396 animantis
396 3353 465 3396 esse
481 3337 516 3395 in
532 3336 595 3398 hoo
610 3346 665 3397 aut
682 3335 716 3396 in
734 3335 803 3407 illc,
820 3344 851 3395 et
867 3334 1015 3396 essentiae
1030 3343 1224 3412 conceptum

142 3431 300 3494 rationem
317 3434 363 3494 rei
382 3434 548 3513 propriam
563 3452 803 3514 nuncupamus.
813 3433 1027 3496 communius
1040 3449 1114 3494 vero
1128 3432 1225 3494 ratio·

143 3528 192 3590 nis
208 3531 342 3593 nomine
357 3530 579 3610 significamus
596 3532 627 3592 id
645 3550 711 3612 quo
728 3531 920 3611 intelligitur
934 3532 983 3592 vel
997 3538 1105 3611 potest
1128 3529 1226 3590 iutel-
1295 3535 1300 3544 '

143 3626 197 3706 ligi
214 3629 287 3709 qnid
300 3629 340 3690 sit
352 3646 411 3704 res,
428 3638 482 3690 aut
501 3630 582 3709 qnod
605 3629 656 3703 sit,
687 3637 742 3690 aut
766 3647 821 3690 eur
844 3630 895 3690 sit.
912 3629 951 3691 Et
967 3628 999 3688 iu
1018 3628 1078 3689 hac
1093 3627 1225 3706 speciali

144 3727 329 3806 acceptioue
357 3725 441 3789 ratio
470 3726 588 3805 triplex
603 3735 650 3787 est
665 3744 672 3788 :
689 3726 830 3800 essentiae,
860 3725 1040 3800 existentiae,
1069 3725 1227 3787 evidentiae

87 3889 89 3893 ⁴
173 3872 202 3926 (t)
218 3884 279 3926 reor,
289 3880 366 3926 retus,
377 3874 447 3919 rotie.

173 3944 205 3999 (ἓ)
218 3947 244 3992 ll.
255 3948 279 3994 S.
291 3948 334 3995 rt.
345 3949 411 3995 Sum.
423 3949 455 3995 tlt.
467 3961 491 4007 p.
502 3951 526 3996 1.
535 3961 558 4007 q.
569 3949 620 3997 XV.
630 3961 653 3995 a.
665 3948 707 3996 Ill.
