2792 4600
221 260 282 383 336
653 316 844 362 cosuotoem.

220 454 235 491 u
260 432 431 505 Quomodo
447 441 554 494 autem
568 441 672 512 potest
684 430 920 510 comprehendi
934 431 1021 520 quod
1036 431 1102 493 sint
1112 430 1212 494 diesa
1227 430 1313 504 Deo,

221 552 236 589 ι
260 538 291 593 et
305 530 423 592 ordine
438 529 551 605 fluant,
568 538 599 591 et
615 546 681 592 non
697 536 875 611 cognoscat
886 528 956 609 ipse
971 547 1070 611 quem
1095 530 1204 610 primo
1232 545 1316 610 pro·

220 628 458 706 «duxithii»

259 727 326 804 ht«
349 725 438 800 Esto,
454 725 664 806 prosequitur
686 725 774 787 idem
801 736 924 801 auctor,
943 743 1009 788 non
1031 726 1135 807 possit
1149 726 1315 807 assignari

220 847 235 884 ι
259 827 406 907 primum
421 843 429 887 :
443 841 508 887 non
526 824 680 903 effugitur
694 822 880 885 difficultas.
894 822 973 885 Nam
987 842 1117 905 semper
1132 842 1246 888 verum
1263 833 1316 887 est

221 944 236 980 ι
261 922 454 1002 pertransita
472 939 542 984 esse
558 922 686 983 infinite
703 938 711 983 :
728 921 799 984 dies
815 921 962 1002 inquam,
979 930 1011 984 et
1026 940 1140 999 annos,
1157 934 1188 985 et
1210 941 1315 1004 gene·

221 1041 236 1077 ι
260 1021 402 1083 rationes
418 1019 574 1095 infinitas,
592 1020 651 1083 etsi
668 1038 733 1083 non
751 1020 847 1083 detur
860 1021 1005 1101 primum
1022 1024 1070 1100 (2).
1090 1044 1105 1080 i

259 1124 285 1198 c)
309 1121 382 1184 Haec
404 1120 510 1182 unitas
533 1121 704 1201 temporis,
731 1137 830 1201 quam
857 1120 1005 1183 dicemus
1030 1122 1120 1199 diem,
1145 1122 1315 1203 percurrit

218 1226 347 1299 tempus
362 1218 545 1282 durationis
561 1219 689 1281 mundi.
704 1217 783 1292 Nam
808 1228 876 1282 toto
900 1220 963 1281 hoc
984 1230 1131 1301 tempore
1149 1207 1214 1283 t'uit
1240 1221 1315 1284 dies

218 1327 292 1398 post
304 1317 403 1380 diem.
413 1317 634 1382 Undeiterum
647 1317 695 1380 sic
708 1335 884 1398 possumus
896 1320 1129 1398 argumentari.
1139 1320 1317 1384 Transitus

219 1415 319 1480 iit'ah
342 1435 409 1480 unc
435 1426 580 1480 extremo
607 1417 641 1478 in
668 1416 819 1479 alterum.
843 1415 940 1498 Atqui
968 1426 1097 1498 tempus
1124 1416 1317 1482 durationis

219 1516 333 1578 mundi
351 1516 521 1597 praeteritae
536 1516 650 1596 procui
668 1515 771 1579 dubio
785 1516 923 1577 transiit.
935 1515 1021 1597 Ergo
1035 1517 1069 1579 in
1085 1517 1149 1580 hoe
1160 1525 1314 1600 tempore

219 1623 294 1677 sum
309 1614 375 1677 duo
391 1625 544 1677 extreme.
561 1614 645 1694 Ergo
672 1616 736 1677 hoc
759 1625 887 1697 tempus
914 1615 1044 1678 finitum
1060 1625 1109 1680 est
1129 1618 1312 1698 utrimque,

221 1713 360 1795 proinde
375 1712 468 1775 nulio
483 1709 582 1775 modo
598 1724 770 1776 aeternum.
836 1755 839 1760 -

260 1811 332 1873 291.
355 1810 532 1892 Arguimus
543 1811 577 1873 5ο
587 1812 618 1875 Si
637 1811 781 1873 mundus
793 1829 922 1893 semper
935 1812 1059 1888 fuisset,
1075 1813 1205 1876 infinito
1219 1812 1316 1876 fieret

172 1911 175 1916 ’
220 1910 368 1992 quotidie
383 1910 518 1972 additio.
534 1909 614 1972 Nem
633 1910 705 1974 dies
721 1911 875 1991 praeteriti
890 1910 925 1972 in
939 1912 1000 1974 hac
1015 1912 1188 1993 hypothesi
1202 1923 1316 1975 essent
1387 1977 1388 1980 ,

220 2009 359 2085 infiniti;
372 2017 403 2070 et
419 2017 525 2070 tamen
543 2007 584 2069 iis
600 2009 750 2089 quotidie
776 2008 952 2072 adderetur
967 2007 1049 2072 dies.
1067 2012 1238 2091 Repugnat
1253 2029 1314 2073 au·
1387 2011 1388 2072 ζ

219 2117 295 2180 tem,
315 2106 444 2170 infinito
460 2106 665 2168 additionem
681 2106 753 2169 fieri
769 2105 819 2185 (0.
836 2108 908 2180 547,
927 2108 968 2188 to)
984 2109 1080 2188 Ergo.

258 2205 331 2268 292.
355 2204 583 2293 Confirmatur.
601 2210 632 2284 u)
654 2205 954 2268 demonstravimus
980 2208 1059 2268 aiibi
1085 2208 1133 2285 (0.
1149 2206 1222 2285 549,
1239 2207 1315 2288 ΙΧ),

218 2324 400 2389 repugnare
413 2305 678 2381 infinitum‘actu,
696 2306 785 2387 quod
802 2326 841 2368 ex
855 2324 921 2368 una
937 2318 1027 2388 parte
1049 2307 1179 2377 finitum
1198 2309 1252 2377 sit.
1272 2309 1315 2371 td
1388 2324 1389 2355 t

216 2425 293 2488 ergo
309 2423 406 2469 omne
421 2406 509 2487 quod
530 2423 568 2468 ex
594 2423 659 2468 una
684 2413 777 2490 parte
799 2405 922 2470 limites
946 2406 1066 2469 hahere
1085 2409 1313 2488 cognoscitur,

213 2504 389 2568 infinitatis
405 2513 453 2566 est
468 2505 616 2584 incapax.
630 2503 715 2583 Ergo
729 2504 859 2566 dierum
870 2506 1032 2585 praeterita
1044 2506 1218 2581 successio,
1232 2525 1316 2589 quae

217 2615 303 2668 certe
319 2622 422 2666 unum
439 2603 578 2665 timitem
592 2604 701 2678 hahet,
716 2601 846 2664 infinita
861 2621 931 2665 esse
946 2605 1072 2685 nequit.

258 2704 286 2780 h)
307 2700 423 2781 Negari
440 2700 566 2781 nequit,
584 2700 833 2761 multitudinem
855 2699 985 2763 dierum
1001 2703 1059 2782 qui
1077 2702 1175 2766 hodie
1190 2717 1315 2785 praete·

182 2864 195 2884 ,
217 2800 272 2863 riti
284 2811 372 2872 sunt,
388 2800 543 2879 majorem
558 2816 628 2860 esse
639 2798 853 2859 multitudine
866 2799 994 2861 dierum
1008 2800 1065 2879 qui
1079 2811 1153 2863 aute
1165 2818 1218 2865 sex
1229 2806 1314 2866 mii·

218 2902 260 2976 ie,
282 2912 371 2982 puta,
394 2916 498 2961 annos
525 2899 559 2959 in
588 2897 828 2978 preteritorum
855 2914 994 2960 numero
1019 2900 1309 2981 computabantur.

217 3002 324 3075 Quum
340 2998 380 3060 de
397 2995 607 3060 multitudine
623 2995 741 3076 agitur,
759 3012 876 3076 parum
892 2994 991 3058 refert
1005 3014 1043 3059 ex
1059 3015 1123 3079 qua
1136 3008 1225 3080 parte
1241 2999 1308 3080 ipsi

216 3100 455 3161 incrementum
471 3093 660 3169 accesserit;
679 3093 735 3154 sed
763 3101 855 3159 certe,
875 3093 1054 3157 multitudo
1076 3096 1182 3176 prima
1203 3097 1311 3178 maior

217 3209 265 3262 est
279 3197 434 3262 secunda.
449 3195 490 3258 At
502 3193 678 3257 multitudo
694 3210 829 3273 quoque
844 3194 951 3273 prima
963 3204 1031 3257 erat
1043 3195 1220 3261 multitudo
1232 3199 1307 3260 inii·

216 3301 295 3362 nita.
312 3297 398 3377 Ergo
413 3294 590 3357 multitudo
606 3291 736 3354 infinita
753 3308 901 3355 crescere
917 3293 1034 3372 potuit.

258 3394 331 3460 595.
354 3397 522 3457 Postremo
537 3391 708 3471 arguimus
720 3391 753 3451 5⁰
766 3390 800 3453 Si
815 3391 958 3453 mundus
970 3410 1100 3474 semper
1112 3394 1236 3470 inisset,
1251 3396 1311 3459 ha·

216 3483 370 3558 heremus
383 3490 551 3552 infinitum
566 3489 698 3552 infinito
719 3489 835 3568 majus.
853 3489 887 3554 Si
903 3491 993 3552 enim
1018 3493 1162 3554 mundus
1176 3510 1312 3576 semper

217 3596 343 3668 fuisset,
360 3606 522 3654 annorum
546 3606 714 3663 numerus,
731 3605 813 3670 quos
829 3589 945 3651 mundi
964 3592 1093 3653 duratio
1108 3593 1309 3674 complecte-

217 3706 317 3768 retur,
332 3702 418 3755 certe
434 3690 545 3752 finitus
560 3705 630 3751 esse
646 3706 712 3751 non
738 3697 847 3769 posset
854 3705 862 3764 ;
880 3687 973 3751 aliter
995 3690 1157 3767 ejusmodi
1174 3691 1310 3757 duratio

218 3791 365 3875 percurri
392 3799 499 3872 posset
521 3797 552 3850 et
572 3787 737 3849 exhauriri
761 3785 864 3849 finitis
884 3788 1149 3868 acceptionibus;
1166 3790 1198 3853 id
1215 3792 1309 3873 quod

247 3926 278 3979 (13.
290 3924 317 3969 in
330 3921 386 3970 Vidi
396 3922 468 3980 Phys.
478 3932 500 3967 c.
511 3919 544 3967 tt.
555 3914 625 3965 Teit.
637 3918 669 3966 X.
679 3931 702 3978 q.
715 3918 749 3967 lt.

247 4000 279 4055 (2)
289 3998 350 4045 thiu.
