<?xml version="1.0" encoding="UTF-8"?>
<!DOCTYPE html PUBLIC "-//W3C//DTD XHTML 1.0 Transitional//EN"
    "http://www.w3.org/TR/xhtml1/DTD/xhtml1-transitional.dtd">
<html xmlns="http://www.w3.org/1999/xhtml" xml:lang="en" lang="en">
 <head>
  <title>
</title>
<meta http-equiv="Content-Type" content="text/html;charset=utf-8" />
  <meta name='ocr-system' content='tesseract 3.04.00' />
  <meta name='ocr-capabilities' content='ocr_page ocr_carea ocr_par ocr_line ocrx_word'/>
</head>
<body>
  <div class='ocr_page' id='page_1' title='image "./institutionesph01tonggoog_0047.png"; bbox 0 0 2792 4600; ppageno 0'>
   <div class='ocr_carea' id='block_1_1' title="bbox 446 336 1191 403">
    <p class='ocr_par' dir='ltr' id='par_1_1' title="bbox 446 336 1191 403">
     <span class='ocr_line' id='line_1_1' title="bbox 446 336 1191 403; baseline 0.016 -17"><span class='ocrx_word' id='word_1_1' title='bbox 446 343 533 387; x_wconf 82' lang='lat' dir='ltr'>niens</span> <span class='ocrx_word' id='word_1_2' title='bbox 554 342 674 403; x_wconf 83' lang='lat' dir='ltr'>narnus,</span> <span class='ocrx_word' id='word_1_3' title='bbox 697 343 789 390; x_wconf 74' lang='lat' dir='ltr'>cruor</span> <span class='ocrx_word' id='word_1_4' title='bbox 811 347 856 393; x_wconf 90' lang='grc' dir='ltr'><strong>ιιι.</strong></span> <span class='ocrx_word' id='word_1_5' title='bbox 1154 336 1191 398; x_wconf 80' lang='lat' dir='ltr'>ll</span> 
     </span>
    </p>
   </div>
   <div class='ocr_carea' id='block_1_2' title="bbox 101 438 1193 548">
    <p class='ocr_par' dir='ltr' id='par_1_2' title="bbox 101 438 1193 548">
     <span class='ocr_line' id='line_1_2' title="bbox 101 438 1193 548; baseline 0.013 -30"><span class='ocrx_word' id='word_1_6' title='bbox 101 482 119 518; x_wconf 91' lang='lat'><strong>«</strong></span> <span class='ocrx_word' id='word_1_7' title='bbox 146 458 242 521; x_wconf 87' lang='lat' dir='ltr'>habet</span> <span class='ocrx_word' id='word_1_8' title='bbox 259 457 427 538; x_wconf 83' lang='lat' dir='ltr'><strong>propriam</strong></span> <span class='ocrx_word' id='word_1_9' title='bbox 445 459 588 539; x_wconf 89' lang='lat' dir='ltr'>speciem</span> <span class='ocrx_word' id='word_1_10' title='bbox 605 459 639 538; x_wconf 73' lang='lat' dir='ltr'>ti.</span> <span class='ocrx_word' id='word_1_11' title='bbox 657 477 686 524; x_wconf 85' lang='lat' dir='ltr'>e.</span> <span class='ocrx_word' id='word_1_12' title='bbox 704 470 796 523; x_wconf 91' lang='lat' dir='ltr'>notas</span> <span class='ocrx_word' id='word_1_13' title='bbox 819 438 1045 545; x_wconf 72' lang='lat' dir='ltr'>intelligibiles</span> <span class='ocrx_word' id='word_1_14' title='bbox 1071 468 1193 548; x_wconf 88' lang='lat' dir='ltr'>quibus</span> 
     </span>
    </p>
   </div>
   <div class='ocr_carea' id='block_1_3' title="bbox 8 557 1192 2712">
    <p class='ocr_par' dir='ltr' id='par_1_3' title="bbox 96 557 1192 1523">
     <span class='ocr_line' id='line_1_3' title="bbox 101 557 1191 648; baseline 0.016 -35"><span class='ocrx_word' id='word_1_15' title='bbox 101 579 117 613; x_wconf 80' lang='lat' dir='ltr'>a</span> <span class='ocrx_word' id='word_1_16' title='bbox 144 557 317 620; x_wconf 81' lang='lat' dir='ltr'>exhibetur</span> <span class='ocrx_word' id='word_1_17' title='bbox 327 558 396 636; x_wconf 85' lang='lat' dir='ltr'>ejus</span> <span class='ocrx_word' id='word_1_18' title='bbox 409 557 560 636; x_wconf 79' lang='lat' dir='ltr'>essentia)</span> <span class='ocrx_word' id='word_1_19' title='bbox 577 559 857 641; x_wconf 88' lang='lat' dir='ltr'>secundumquod</span> <span class='ocrx_word' id='word_1_20' title='bbox 874 562 1101 644; x_wconf 88' lang='lat' dir='ltr'>aliquomodo</span> <span class='ocrx_word' id='word_1_21' title='bbox 1117 585 1191 648; x_wconf 92' lang='lat' dir='ltr'>par-</span> 
     </span>
     <span class='ocr_line' id='line_1_4' title="bbox 101 657 1191 746; baseline 0.016 -33"><span class='ocrx_word' id='word_1_22' title='bbox 101 679 118 713; x_wconf 82' lang='lat'>«</span> <span class='ocrx_word' id='word_1_23' title='bbox 144 657 256 735; x_wconf 90' lang='lat' dir='ltr'>ticipat</span> <span class='ocrx_word' id='word_1_24' title='bbox 268 657 388 718; x_wconf 73' lang='lat' dir='ltr'>divinae</span> <span class='ocrx_word' id='word_1_25' title='bbox 403 657 551 719; x_wconf 78' lang='lat' dir='ltr'>essentiae</span> <span class='ocrx_word' id='word_1_26' title='bbox 567 658 835 722; x_wconf 88' lang='lat' dir='ltr'>similitudinem.</span> <span class='ocrx_word' id='word_1_27' title='bbox 853 662 1022 742; x_wconf 80' lang='lat' dir='ltr'>sicigitur</span> <span class='ocrx_word' id='word_1_28' title='bbox 1038 665 1072 726; x_wconf 92' lang='lat' dir='ltr'>in</span> <span class='ocrx_word' id='word_1_29' title='bbox 1088 685 1191 746; x_wconf 91' lang='lat' dir='ltr'>quau-</span> 
     </span>
     <span class='ocr_line' id='line_1_5' title="bbox 103 756 1192 834; baseline 0.017 -23"><span class='ocrx_word' id='word_1_30' title='bbox 103 777 118 811; x_wconf 78' lang='lat'>«</span> <span class='ocrx_word' id='word_1_31' title='bbox 143 763 212 819; x_wconf 86' lang='lat' dir='ltr'>tum</span> <span class='ocrx_word' id='word_1_32' title='bbox 230 758 314 820; x_wconf 86' lang='lat' dir='ltr'>Deus</span> <span class='ocrx_word' id='word_1_33' title='bbox 339 756 506 834; x_wconf 86' lang='lat' dir='ltr'>cognoscit</span> <span class='ocrx_word' id='word_1_34' title='bbox 521 774 614 818; x_wconf 90' lang='lat' dir='ltr'>suam</span> <span class='ocrx_word' id='word_1_35' title='bbox 642 760 828 833; x_wconf 83' lang='lat' dir='ltr'>essentiam,</span> <span class='ocrx_word' id='word_1_36' title='bbox 847 769 882 823; x_wconf 94' lang='lat' dir='ltr'>ut</span> <span class='ocrx_word' id='word_1_37' title='bbox 898 761 946 824; x_wconf 90' lang='lat' dir='ltr'>sic</span> <span class='ocrx_word' id='word_1_38' title='bbox 962 762 1158 833; x_wconf 83' lang='lat' dir='ltr'>imitabilem</span> <span class='ocrx_word' id='word_1_39' title='bbox 1174 786 1192 829; x_wconf 90' lang='lat' dir='ltr'>a</span> 
     </span>
     <span class='ocr_line' id='line_1_6' title="bbox 103 853 1190 940; baseline 0.017 -30"><span class='ocrx_word' id='word_1_40' title='bbox 103 873 119 910; x_wconf 75' lang='grc' dir='ltr'><strong>ι</strong></span> <span class='ocrx_word' id='word_1_41' title='bbox 143 853 199 917; x_wconf 85' lang='lat' dir='ltr'>tali</span> <span class='ocrx_word' id='word_1_42' title='bbox 217 863 375 929; x_wconf 88' lang='lat' dir='ltr'>creatura,</span> <span class='ocrx_word' id='word_1_43' title='bbox 393 854 562 934; x_wconf 87' lang='lat' dir='ltr'>cognoscit</span> <span class='ocrx_word' id='word_1_44' title='bbox 587 874 658 918; x_wconf 90' lang='lat' dir='ltr'>eam</span> <span class='ocrx_word' id='word_1_45' title='bbox 686 869 722 918; x_wconf 92' lang='lat' dir='ltr'>ut</span> <span class='ocrx_word' id='word_1_46' title='bbox 740 859 906 938; x_wconf 83' lang='lat' dir='ltr'>propriam</span> <span class='ocrx_word' id='word_1_47' title='bbox 933 862 1093 924; x_wconf 86' lang='lat' dir='ltr'>rationem</span> <span class='ocrx_word' id='word_1_48' title='bbox 1108 865 1142 940; x_wconf 85' lang='lat' dir='ltr'>(i.</span> <span class='ocrx_word' id='word_1_49' title='bbox 1161 885 1190 929; x_wconf 90' lang='lat' dir='ltr'>e.</span> 
     </span>
     <span class='ocr_line' id='line_1_7' title="bbox 104 952 1191 1042; baseline 0.019 -36"><span class='ocrx_word' id='word_1_50' title='bbox 104 974 119 1006; x_wconf 77' lang='lat' dir='ltr'>e</span> <span class='ocrx_word' id='word_1_51' title='bbox 143 952 316 1014; x_wconf 83' lang='lat' dir='ltr'>essentiam</span> <span class='ocrx_word' id='word_1_52' title='bbox 334 952 602 1032; x_wconf 81' lang='lat' dir='ltr'>intelligibilem),</span> <span class='ocrx_word' id='word_1_53' title='bbox 620 954 775 1017; x_wconf 83' lang='lat' dir='ltr'>etideaur</span> <span class='ocrx_word' id='word_1_54' title='bbox 791 956 826 1033; x_wconf 80' lang='lat' dir='ltr'>(i.</span> <span class='ocrx_word' id='word_1_55' title='bbox 844 975 873 1020; x_wconf 91' lang='lat' dir='ltr'>e.</span> <span class='ocrx_word' id='word_1_56' title='bbox 892 961 1069 1040; x_wconf 82' lang='lat' dir='ltr'>exemplar)</span> <span class='ocrx_word' id='word_1_57' title='bbox 1094 963 1191 1042; x_wconf 84' lang='lat' dir='ltr'>hujus</span> 
     </span>
     <span class='ocr_line' id='line_1_8' title="bbox 102 1049 1191 1127; baseline 0.016 -21"><span class='ocrx_word' id='word_1_58' title='bbox 102 1071 118 1105; x_wconf 74' lang='lat' dir='ltr'>a</span> <span class='ocrx_word' id='word_1_59' title='bbox 144 1060 320 1127; x_wconf 80' lang='lat' dir='ltr'>creaturae3</span> <span class='ocrx_word' id='word_1_60' title='bbox 337 1058 368 1111; x_wconf 91' lang='lat' dir='ltr'>et</span> <span class='ocrx_word' id='word_1_61' title='bbox 384 1049 538 1112; x_wconf 90' lang='lat' dir='ltr'>similiter</span> <span class='ocrx_word' id='word_1_62' title='bbox 553 1051 594 1112; x_wconf 90' lang='lat' dir='ltr'>de</span> <span class='ocrx_word' id='word_1_63' title='bbox 606 1052 709 1114; x_wconf 73' lang='lat' dir='ltr'>aliis.»</span> <span class='ocrx_word' id='word_1_64' title='bbox 721 1054 768 1115; x_wconf 88' lang='lat' dir='ltr'>lta</span> <span class='ocrx_word' id='word_1_65' title='bbox 782 1072 809 1116; x_wconf 88' lang='lat' dir='ltr'>s.</span> <span class='ocrx_word' id='word_1_66' title='bbox 824 1053 950 1119; x_wconf 86' lang='lat' dir='ltr'>doctor.</span> <span class='ocrx_word' id='word_1_67' title='bbox 965 1056 1003 1119; x_wconf 84' lang='lat' dir='ltr'>Et</span> <span class='ocrx_word' id='word_1_68' title='bbox 1017 1058 1066 1120; x_wconf 85' lang='lat' dir='ltr'>hae</span> <span class='ocrx_word' id='word_1_69' title='bbox 1082 1078 1191 1122; x_wconf 84' lang='lat' dir='ltr'>exem-</span> 
     </span>
     <span class='ocr_line' id='line_1_9' title="bbox 99 1145 1189 1228; baseline 0.012 -21"><span class='ocrx_word' id='word_1_70' title='bbox 99 1145 211 1228; x_wconf 85' lang='lat' dir='ltr'>plares</span> <span class='ocrx_word' id='word_1_71' title='bbox 236 1163 347 1209; x_wconf 88' lang='lat' dir='ltr'>rerum</span> <span class='ocrx_word' id='word_1_72' title='bbox 374 1149 521 1211; x_wconf 88' lang='lat' dir='ltr'>omnium</span> <span class='ocrx_word' id='word_1_73' title='bbox 539 1147 619 1210; x_wconf 86' lang='lat' dir='ltr'>ideee</span> <span class='ocrx_word' id='word_1_74' title='bbox 644 1161 721 1211; x_wconf 85' lang='lat' dir='ltr'>sunt</span> <span class='ocrx_word' id='word_1_75' title='bbox 747 1152 941 1215; x_wconf 80' lang='lat' dir='ltr'>universalia</span> <span class='ocrx_word' id='word_1_76' title='bbox 958 1154 1015 1216; x_wconf 91' lang='lat' dir='ltr'>illa</span> <span class='ocrx_word' id='word_1_77' title='bbox 1044 1157 1189 1220; x_wconf 89' lang='lat' dir='ltr'>Platonis</span> 
     </span>
     <span class='ocr_line' id='line_1_10' title="bbox 96 1246 1185 1335; baseline 0.009 -26"><span class='ocrx_word' id='word_1_78' title='bbox 96 1247 147 1326; x_wconf 84' lang='lat' dir='ltr'>(L.</span> <span class='ocrx_word' id='word_1_79' title='bbox 165 1246 237 1325; x_wconf 76' lang='grc'>555)</span> <span class='ocrx_word' id='word_1_80' title='bbox 253 1254 341 1308; x_wconf 88' lang='lat' dir='ltr'>extra</span> <span class='ocrx_word' id='word_1_81' title='bbox 357 1266 408 1308; x_wconf 92' lang='lat' dir='ltr'>res</span> <span class='ocrx_word' id='word_1_82' title='bbox 425 1248 541 1326; x_wconf 85' lang='lat' dir='ltr'>posita,</span> <span class='ocrx_word' id='word_1_83' title='bbox 559 1265 625 1310; x_wconf 92' lang='lat' dir='ltr'>uon</span> <span class='ocrx_word' id='word_1_84' title='bbox 644 1249 677 1309; x_wconf 92' lang='lat' dir='ltr'>in</span> <span class='ocrx_word' id='word_1_85' title='bbox 695 1258 777 1310; x_wconf 88' lang='lat' dir='ltr'>statu</span> <span class='ocrx_word' id='word_1_86' title='bbox 795 1251 872 1312; x_wconf 88' lang='lat' dir='ltr'>reali</span> <span class='ocrx_word' id='word_1_87' title='bbox 891 1253 945 1313; x_wconf 92' lang='lat' dir='ltr'>sed</span> <span class='ocrx_word' id='word_1_88' title='bbox 971 1256 1185 1335; x_wconf 80' lang='lat' dir='ltr'>intelligibili,</span> 
     </span>
     <span class='ocr_line' id='line_1_11' title="bbox 97 1344 1191 1437; baseline 0.008 -30"><span class='ocrx_word' id='word_1_89' title='bbox 97 1363 176 1424; x_wconf 84' lang='lat' dir='ltr'>quae</span> <span class='ocrx_word' id='word_1_90' title='bbox 200 1344 451 1409; x_wconf 87' lang='lat' dir='ltr'>sublimioribus</span> <span class='ocrx_word' id='word_1_91' title='bbox 474 1347 628 1409; x_wconf 89' lang='lat' dir='ltr'>omnibus</span> <span class='ocrx_word' id='word_1_92' title='bbox 645 1347 873 1429; x_wconf 84' lang='lat' dir='ltr'>intelligentiis</span> <span class='ocrx_word' id='word_1_93' title='bbox 896 1351 1035 1415; x_wconf 88' lang='lat' dir='ltr'>mirifice</span> <span class='ocrx_word' id='word_1_94' title='bbox 1061 1373 1191 1437; x_wconf 90' lang='lat' dir='ltr'>semper</span> 
     </span>
     <span class='ocr_line' id='line_1_12' title="bbox 99 1442 309 1523; baseline 0.019 -19"><span class='ocrx_word' id='word_1_95' title='bbox 99 1442 309 1523; x_wconf 86' lang='lat' dir='ltr'>placuerunt.</span> 
     </span>
    </p>

    <p class='ocr_par' dir='ltr' id='par_1_4' title="bbox 144 1543 1191 1626">
     <span class='ocr_line' id='line_1_13' title="bbox 144 1543 1191 1626; baseline 0.011 -22"><span class='ocrx_word' id='word_1_96' title='bbox 144 1543 1191 1626; x_wconf 82' lang='lat' dir='ltr'>Divinaigituresseutia,variisinnumerisquernodisimitabilis</span> 
     </span>
    </p>

    <p class='ocr_par' dir='ltr' id='par_1_5' title="bbox 72 1643 1190 1729">
     <span class='ocr_line' id='line_1_14' title="bbox 72 1643 1190 1729; baseline 0.007 -24"><span class='ocrx_word' id='word_1_97' title='bbox 72 1657 73 1660; x_wconf 73' lang='grc'>’</span> <span class='ocrx_word' id='word_1_98' title='bbox 99 1661 162 1723; x_wconf 89' lang='lat' dir='ltr'>per</span> <span class='ocrx_word' id='word_1_99' title='bbox 187 1654 362 1718; x_wconf 87' lang='lat' dir='ltr'>creaturas,</span> <span class='ocrx_word' id='word_1_100' title='bbox 384 1643 497 1706; x_wconf 88' lang='lat' dir='ltr'>divino</span> <span class='ocrx_word' id='word_1_101' title='bbox 524 1644 706 1706; x_wconf 87' lang='lat' dir='ltr'>intellectui</span> <span class='ocrx_word' id='word_1_102' title='bbox 722 1661 792 1705; x_wconf 88' lang='lat' dir='ltr'>eam</span> <span class='ocrx_word' id='word_1_103' title='bbox 815 1644 957 1723; x_wconf 82' lang='lat' dir='ltr'>perfecte</span> <span class='ocrx_word' id='word_1_104' title='bbox 973 1651 1190 1729; x_wconf 91' lang='lat' dir='ltr'>comprehen-</span> 
     </span>
    </p>

    <p class='ocr_par' dir='ltr' id='par_1_6' title="bbox 8 1735 1192 2020">
     <span class='ocr_line' id='line_1_15' title="bbox 8 1735 1192 1828; baseline 0.009 -27"><span class='ocrx_word' id='word_1_105' title='bbox 8 1735 20 1747; x_wconf 74' lang='grc'><strong>“</strong></span> <span class='ocrx_word' id='word_1_106' title='bbox 99 1741 207 1818; x_wconf 89' lang='lat' dir='ltr'>denti,</span> <span class='ocrx_word' id='word_1_107' title='bbox 223 1760 337 1805; x_wconf 90' lang='lat' dir='ltr'>omues</span> <span class='ocrx_word' id='word_1_108' title='bbox 353 1759 462 1805; x_wconf 88' lang='lat' dir='ltr'>rerum</span> <span class='ocrx_word' id='word_1_109' title='bbox 479 1743 634 1805; x_wconf 87' lang='lat' dir='ltr'>essentias</span> <span class='ocrx_word' id='word_1_110' title='bbox 651 1743 685 1804; x_wconf 94' lang='lat' dir='ltr'>in</span> <span class='ocrx_word' id='word_1_111' title='bbox 712 1742 913 1822; x_wconf 81' lang='lat' dir='ltr'>intelligibili</span> <span class='ocrx_word' id='word_1_112' title='bbox 930 1754 1013 1808; x_wconf 90' lang='lat' dir='ltr'>statu</span> <span class='ocrx_word' id='word_1_113' title='bbox 1037 1751 1192 1828; x_wconf 81' lang='lat' dir='ltr'>proponit</span> 
     </span>
     <span class='ocr_line' id='line_1_16' title="bbox 99 1839 1191 1926; baseline 0.008 -24"><span class='ocrx_word' id='word_1_114' title='bbox 99 1842 296 1920; x_wconf 83' lang='lat' dir='ltr'>eteuplicat.</span> <span class='ocrx_word' id='word_1_115' title='bbox 314 1839 349 1902; x_wconf 91' lang='lat' dir='ltr'>ln</span> <span class='ocrx_word' id='word_1_116' title='bbox 369 1841 420 1902; x_wconf 89' lang='lat' dir='ltr'>his</span> <span class='ocrx_word' id='word_1_117' title='bbox 431 1850 539 1903; x_wconf 90' lang='lat' dir='ltr'>autem</span> <span class='ocrx_word' id='word_1_118' title='bbox 555 1841 640 1903; x_wconf 88' lang='lat' dir='ltr'>ideis</span> <span class='ocrx_word' id='word_1_119' title='bbox 652 1841 785 1904; x_wconf 89' lang='lat' dir='ltr'>divinus</span> <span class='ocrx_word' id='word_1_120' title='bbox 797 1842 982 1907; x_wconf 87' lang='lat' dir='ltr'>intellectus</span> <span class='ocrx_word' id='word_1_121' title='bbox 998 1846 1108 1908; x_wconf 89' lang='lat' dir='ltr'>omnia</span> <span class='ocrx_word' id='word_1_122' title='bbox 1121 1864 1191 1926; x_wconf 86' lang='lat' dir='ltr'>pos·</span> 
     </span>
     <span class='ocr_line' id='line_1_17' title="bbox 99 1939 477 2020; baseline 0 -19"><span class='ocrx_word' id='word_1_123' title='bbox 99 1939 215 2002; x_wconf 92' lang='lat' dir='ltr'>sibilia</span> <span class='ocrx_word' id='word_1_124' title='bbox 230 1942 459 2020; x_wconf 75' lang='lat' dir='ltr'>cognoscitis).</span> <span class='ocrx_word' id='word_1_125' title='bbox 475 1967 477 1971; x_wconf 48' lang='lat'><strong><em>¹</em></strong></span> 
     </span>
    </p>

    <p class='ocr_par' dir='ltr' id='par_1_7' title="bbox 143 2037 593 2118">
     <span class='ocr_line' id='line_1_18' title="bbox 143 2037 593 2118; baseline -0.007 -17"><span class='ocrx_word' id='word_1_126' title='bbox 143 2037 198 2104; x_wconf 75' lang='lat'>84.</span> <span class='ocrx_word' id='word_1_127' title='bbox 221 2038 383 2101; x_wconf 85' lang='lat' dir='ltr'>Probatur</span> <span class='ocrx_word' id='word_1_128' title='bbox 399 2037 593 2118; x_wconf 83' lang='lat' dir='ltr'>propositio.</span> 
     </span>
    </p>

    <p class='ocr_par' dir='ltr' id='par_1_8' title="bbox 99 2134 1191 2712">
     <span class='ocr_line' id='line_1_19' title="bbox 145 2134 1191 2221; baseline 0.003 -21"><span class='ocrx_word' id='word_1_129' title='bbox 145 2139 179 2200; x_wconf 81' lang='lat'>1⁰</span> <span class='ocrx_word' id='word_1_130' title='bbox 193 2138 239 2201; x_wconf 84' lang='lat' dir='ltr'>llx</span> <span class='ocrx_word' id='word_1_131' title='bbox 254 2136 404 2200; x_wconf 90' lang='lat' dir='ltr'>adductis</span> <span class='ocrx_word' id='word_1_132' title='bbox 419 2139 452 2201; x_wconf 87' lang='lat' dir='ltr'>S.</span> <span class='ocrx_word' id='word_1_133' title='bbox 469 2138 601 2200; x_wconf 76' lang='lat' dir='ltr'>Thomu</span> <span class='ocrx_word' id='word_1_134' title='bbox 620 2134 739 2198; x_wconf 88' lang='lat' dir='ltr'>verbis.</span> <span class='ocrx_word' id='word_1_135' title='bbox 758 2135 842 2199; x_wconf 87' lang='lat' dir='ltr'>Deus</span> <span class='ocrx_word' id='word_1_136' title='bbox 857 2138 946 2200; x_wconf 88' lang='lat' dir='ltr'>enirn</span> <span class='ocrx_word' id='word_1_137' title='bbox 962 2141 1070 2202; x_wconf 89' lang='lat' dir='ltr'>omnis</span> <span class='ocrx_word' id='word_1_138' title='bbox 1087 2142 1191 2221; x_wconf 88' lang='lat' dir='ltr'>possi-</span> 
     </span>
     <span class='ocr_line' id='line_1_20' title="bbox 100 2226 1188 2318; baseline 0.004 -20"><span class='ocrx_word' id='word_1_139' title='bbox 100 2235 353 2306; x_wconf 83' lang='lat' dir='ltr'>bilisessentiae</span> <span class='ocrx_word' id='word_1_140' title='bbox 379 2233 613 2318; x_wconf 87' lang='lat' dir='ltr'>perlectionem</span> <span class='ocrx_word' id='word_1_141' title='bbox 641 2233 674 2294; x_wconf 91' lang='lat' dir='ltr'>in</span> <span class='ocrx_word' id='word_1_142' title='bbox 702 2226 760 2295; x_wconf 86' lang='lat' dir='ltr'>sua</span> <span class='ocrx_word' id='word_1_143' title='bbox 785 2235 925 2298; x_wconf 86' lang='lat' dir='ltr'>essentia</span> <span class='ocrx_word' id='word_1_144' title='bbox 953 2236 1188 2316; x_wconf 82' lang='lat' dir='ltr'>perfectissime</span> 
     </span>
     <span class='ocr_line' id='line_1_21' title="bbox 100 2319 1187 2415; baseline 0.002 -17"><span class='ocrx_word' id='word_1_145' title='bbox 100 2340 192 2399; x_wconf 81' lang='lat' dir='ltr'>certe</span> <span class='ocrx_word' id='word_1_146' title='bbox 203 2337 428 2415; x_wconf 76' lang='lat' dir='ltr'>praecontiuet.</span> <span class='ocrx_word' id='word_1_147' title='bbox 442 2335 522 2397; x_wconf 86' lang='lat' dir='ltr'>Cum</span> <span class='ocrx_word' id='word_1_148' title='bbox 535 2349 611 2412; x_wconf 89' lang='lat' dir='ltr'>ergo</span> <span class='ocrx_word' id='word_1_149' title='bbox 623 2332 768 2411; x_wconf 89' lang='lat' dir='ltr'>seipsum</span> <span class='ocrx_word' id='word_1_150' title='bbox 782 2333 922 2412; x_wconf 87' lang='lat' dir='ltr'>perfecte</span> <span class='ocrx_word' id='word_1_151' title='bbox 935 2319 1121 2413; x_wconf 74' lang='lat' dir='ltr'>cognoscat,</span> <span class='ocrx_word' id='word_1_152' title='bbox 1131 2356 1187 2401; x_wconf 90' lang='lat' dir='ltr'>co·</span> 
     </span>
     <span class='ocr_line' id='line_1_22' title="bbox 99 2431 1189 2517; baseline 0.003 -20"><span class='ocrx_word' id='word_1_153' title='bbox 99 2451 258 2516; x_wconf 81' lang='lat' dir='ltr'>gnoscere</span> <span class='ocrx_word' id='word_1_154' title='bbox 274 2451 407 2515; x_wconf 88' lang='lat' dir='ltr'>quoque</span> <span class='ocrx_word' id='word_1_155' title='bbox 421 2433 520 2495; x_wconf 90' lang='lat' dir='ltr'>debet</span> <span class='ocrx_word' id='word_1_156' title='bbox 540 2448 655 2494; x_wconf 89' lang='lat' dir='ltr'>omnes</span> <span class='ocrx_word' id='word_1_157' title='bbox 674 2431 803 2506; x_wconf 88' lang='lat' dir='ltr'>modos,</span> <span class='ocrx_word' id='word_1_158' title='bbox 819 2431 1000 2494; x_wconf 87' lang='lat' dir='ltr'>secuudum</span> <span class='ocrx_word' id='word_1_159' title='bbox 1016 2451 1099 2515; x_wconf 89' lang='lat' dir='ltr'>quos</span> <span class='ocrx_word' id='word_1_160' title='bbox 1118 2436 1189 2517; x_wconf 75' lang='lat' dir='ltr'>eius</span> 
     </span>
     <span class='ocr_line' id='line_1_23' title="bbox 101 2530 1189 2611; baseline 0.002 -16"><span class='ocrx_word' id='word_1_161' title='bbox 101 2533 245 2603; x_wconf 80' lang='lat' dir='ltr'>essentia</span> <span class='ocrx_word' id='word_1_162' title='bbox 261 2531 389 2596; x_wconf 66' lang='lat' dir='ltr'>inhni‘ta</span> <span class='ocrx_word' id='word_1_163' title='bbox 406 2549 463 2611; x_wconf 86' lang='lat' dir='ltr'>per</span> <span class='ocrx_word' id='word_1_164' title='bbox 484 2530 591 2594; x_wconf 86' lang='lat' dir='ltr'>linitas</span> <span class='ocrx_word' id='word_1_165' title='bbox 607 2546 820 2611; x_wconf 83' lang='lat' dir='ltr'>quascunque</span> <span class='ocrx_word' id='word_1_166' title='bbox 835 2530 990 2592; x_wconf 86' lang='lat' dir='ltr'>essentias</span> <span class='ocrx_word' id='word_1_167' title='bbox 1016 2532 1189 2597; x_wconf 88' lang='lat' dir='ltr'>imitabilis</span> 
     </span>
     <span class='ocr_line' id='line_1_24' title="bbox 99 2626 1188 2712; baseline 0.002 -18"><span class='ocrx_word' id='word_1_168' title='bbox 99 2640 162 2697; x_wconf 89' lang='lat' dir='ltr'>est.</span> <span class='ocrx_word' id='word_1_169' title='bbox 175 2631 260 2712; x_wconf 83' lang='lat' dir='ltr'>Ergo</span> <span class='ocrx_word' id='word_1_170' title='bbox 273 2631 421 2694; x_wconf 84' lang='lat' dir='ltr'>esseutiae</span> <span class='ocrx_word' id='word_1_171' title='bbox 436 2647 551 2692; x_wconf 89' lang='lat' dir='ltr'>omnes</span> <span class='ocrx_word' id='word_1_172' title='bbox 563 2629 663 2690; x_wconf 83' lang='lat' dir='ltr'>finitae</span> <span class='ocrx_word' id='word_1_173' title='bbox 675 2626 978 2707; x_wconf 87' lang='lat' dir='ltr'>intelligibilitatem</span> <span class='ocrx_word' id='word_1_174' title='bbox 992 2630 1124 2708; x_wconf 88' lang='lat' dir='ltr'>habent,</span> <span class='ocrx_word' id='word_1_175' title='bbox 1139 2652 1188 2696; x_wconf 91' lang='lat' dir='ltr'>re·</span> 
     </span>
    </p>
   </div>
   <div class='ocr_carea' id='block_1_4' title="bbox 99 2726 1288 2812">
    <p class='ocr_par' dir='ltr' id='par_1_9' title="bbox 99 2726 1288 2812">
     <span class='ocr_line' id='line_1_25' title="bbox 99 2726 1288 2812; baseline -0.007 -17"><span class='ocrx_word' id='word_1_176' title='bbox 99 2738 216 2812; x_wconf 88' lang='lat' dir='ltr'>spectu</span> <span class='ocrx_word' id='word_1_177' title='bbox 231 2731 302 2805; x_wconf 87' lang='lat' dir='ltr'>Dei,</span> <span class='ocrx_word' id='word_1_178' title='bbox 319 2748 357 2792; x_wconf 80' lang='lat' dir='ltr'>ex</span> <span class='ocrx_word' id='word_1_179' title='bbox 374 2728 485 2790; x_wconf 87' lang='lat' dir='ltr'>divine</span> <span class='ocrx_word' id='word_1_180' title='bbox 495 2727 647 2801; x_wconf 89' lang='lat' dir='ltr'>essentia,</span> <span class='ocrx_word' id='word_1_181' title='bbox 665 2726 774 2807; x_wconf 89' lang='lat' dir='ltr'>prouti</span> <span class='ocrx_word' id='word_1_182' title='bbox 790 2726 858 2788; x_wconf 89' lang='lat' dir='ltr'>haec</span> <span class='ocrx_word' id='word_1_183' title='bbox 870 2726 1051 2791; x_wconf 88' lang='lat' dir='ltr'>intellectui</span> <span class='ocrx_word' id='word_1_184' title='bbox 1067 2731 1186 2811; x_wconf 87' lang='lat' dir='ltr'>objici·</span> <span class='ocrx_word' id='word_1_185' title='bbox 1285 2784 1288 2787; x_wconf 81' lang='grc'>,</span> 
     </span>
    </p>
   </div>
   <div class='ocr_carea' id='block_1_5' title="bbox 98 2840 1193 3008">
    <p class='ocr_par' dir='ltr' id='par_1_10' title="bbox 98 2840 1193 3008">
     <span class='ocr_line' id='line_1_26' title="bbox 98 2840 1186 2894; baseline -0.016 -1"><span class='ocrx_word' id='word_1_186' title='bbox 98 2840 167 2894; x_wconf 88' lang='lat' dir='ltr'>tur.</span> <span class='ocrx_word' id='word_1_187' title='bbox 1181 2885 1186 2894; x_wconf 47' lang='grc'><strong>,</strong></span> 
     </span>
     <span class='ocr_line' id='line_1_27' title="bbox 142 2922 1193 3008; baseline -0.003 -16"><span class='ocrx_word' id='word_1_188' title='bbox 142 2930 176 2993; x_wconf 68' lang='lat'>2⁰</span> <span class='ocrx_word' id='word_1_189' title='bbox 187 2927 299 3008; x_wconf 86' lang='lat' dir='ltr'>Neque</span> <span class='ocrx_word' id='word_1_190' title='bbox 322 2923 457 2988; x_wconf 87' lang='lat' dir='ltr'>aliunde</span> <span class='ocrx_word' id='word_1_191' title='bbox 473 2938 543 2984; x_wconf 90' lang='lat' dir='ltr'>eam</span> <span class='ocrx_word' id='word_1_192' title='bbox 570 2922 718 3002; x_wconf 90' lang='lat' dir='ltr'>accipere</span> <span class='ocrx_word' id='word_1_193' title='bbox 733 2931 879 3001; x_wconf 87' lang='lat' dir='ltr'>possunt.</span> <span class='ocrx_word' id='word_1_194' title='bbox 897 2923 977 2988; x_wconf 92' lang='lat' dir='ltr'>Nam</span> <span class='ocrx_word' id='word_1_195' title='bbox 993 2927 1102 2988; x_wconf 91' lang='lat' dir='ltr'>omnis</span> <span class='ocrx_word' id='word_1_196' title='bbox 1117 2946 1193 2990; x_wconf 46' lang='lat' dir='ltr'>rea-⁴</span> 
     </span>
    </p>
   </div>
   <div class='ocr_carea' id='block_1_6' title="bbox 97 3021 1188 3896">
    <p class='ocr_par' dir='ltr' id='par_1_11' title="bbox 97 3021 1188 3896">
     <span class='ocr_line' id='line_1_28' title="bbox 99 3021 1186 3106; baseline -0.001 -18"><span class='ocrx_word' id='word_1_197' title='bbox 99 3025 176 3090; x_wconf 87' lang='lat' dir='ltr'>litas</span> <span class='ocrx_word' id='word_1_198' title='bbox 202 3023 424 3105; x_wconf 78' lang='lat' dir='ltr'>metaphysica</span> <span class='ocrx_word' id='word_1_199' title='bbox 438 3030 470 3088; x_wconf 89' lang='lat' dir='ltr'>et</span> <span class='ocrx_word' id='word_1_200' title='bbox 484 3021 643 3084; x_wconf 87' lang='lat' dir='ltr'>abstracta</span> <span class='ocrx_word' id='word_1_201' title='bbox 668 3022 887 3083; x_wconf 85' lang='lat' dir='ltr'>actualitatem</span> <span class='ocrx_word' id='word_1_202' title='bbox 915 3023 1035 3086; x_wconf 90' lang='lat' dir='ltr'>hahere</span> <span class='ocrx_word' id='word_1_203' title='bbox 1060 3026 1186 3106; x_wconf 90' lang='lat' dir='ltr'>nequit,</span> 
     </span>
     <span class='ocr_line' id='line_1_29' title="bbox 100 3121 1188 3207; baseline -0.003 -18"><span class='ocrx_word' id='word_1_204' title='bbox 100 3127 166 3190; x_wconf 91' lang='lat' dir='ltr'>nisi</span> <span class='ocrx_word' id='word_1_205' title='bbox 182 3127 231 3189; x_wconf 87' lang='lat' dir='ltr'>vel</span> <span class='ocrx_word' id='word_1_206' title='bbox 248 3124 415 3207; x_wconf 84' lang='lat' dir='ltr'>physicam</span> <span class='ocrx_word' id='word_1_207' title='bbox 443 3123 477 3185; x_wconf 91' lang='lat' dir='ltr'>iu</span> <span class='ocrx_word' id='word_1_208' title='bbox 494 3122 591 3184; x_wconf 91' lang='lat' dir='ltr'>rebus</span> <span class='ocrx_word' id='word_1_209' title='bbox 617 3121 842 3195; x_wconf 79' lang='lat' dir='ltr'>existentibus,</span> <span class='ocrx_word' id='word_1_210' title='bbox 857 3123 903 3185; x_wconf 86' lang='lat' dir='ltr'>vel</span> <span class='ocrx_word' id='word_1_211' title='bbox 922 3123 1060 3202; x_wconf 88' lang='lat' dir='ltr'>logicam</span> <span class='ocrx_word' id='word_1_212' title='bbox 1077 3124 1111 3185; x_wconf 93' lang='lat' dir='ltr'>in</span> <span class='ocrx_word' id='word_1_213' title='bbox 1138 3126 1188 3187; x_wconf 89' lang='lat' dir='ltr'>in·</span> 
     </span>
     <span class='ocr_line' id='line_1_30' title="bbox 99 3217 1184 3302; baseline -0.003 -15"><span class='ocrx_word' id='word_1_214' title='bbox 99 3224 234 3288; x_wconf 87' lang='lat' dir='ltr'>tellectu</span> <span class='ocrx_word' id='word_1_215' title='bbox 250 3222 324 3302; x_wconf 86' lang='grc'><strong>(68).</strong></span> <span class='ocrx_word' id='word_1_216' title='bbox 340 3220 566 3283; x_wconf 86' lang='lat' dir='ltr'>Actualitatem</span> <span class='ocrx_word' id='word_1_217' title='bbox 583 3236 682 3300; x_wconf 88' lang='lat' dir='ltr'>porro</span> <span class='ocrx_word' id='word_1_218' title='bbox 697 3218 835 3297; x_wconf 87' lang='lat' dir='ltr'>logicam</span> <span class='ocrx_word' id='word_1_219' title='bbox 853 3217 973 3281; x_wconf 85' lang='lat' dir='ltr'>habere</span> <span class='ocrx_word' id='word_1_220' title='bbox 985 3236 1051 3282; x_wconf 90' lang='lat' dir='ltr'>nou</span> <span class='ocrx_word' id='word_1_221' title='bbox 1069 3229 1184 3300; x_wconf 89' lang='lat' dir='ltr'>potest,</span> 
     </span>
     <span class='ocr_line' id='line_1_31' title="bbox 100 3318 1186 3403; baseline 0 -18"><span class='ocrx_word' id='word_1_222' title='bbox 100 3324 163 3387; x_wconf 91' lang='lat' dir='ltr'>nisi</span> <span class='ocrx_word' id='word_1_223' title='bbox 183 3323 274 3403; x_wconf 90' lang='lat' dir='ltr'>prius</span> <span class='ocrx_word' id='word_1_224' title='bbox 289 3321 516 3402; x_wconf 89' lang='lat' dir='ltr'>aliquomodo</span> <span class='ocrx_word' id='word_1_225' title='bbox 538 3319 707 3400; x_wconf 81' lang='lat' dir='ltr'>physicam</span> <span class='ocrx_word' id='word_1_226' title='bbox 722 3318 940 3380; x_wconf 87' lang='lat' dir='ltr'>actualitatem</span> <span class='ocrx_word' id='word_1_227' title='bbox 969 3319 1096 3383; x_wconf 85' lang='lat' dir='ltr'>habeat.</span> <span class='ocrx_word' id='word_1_228' title='bbox 1114 3324 1186 3386; x_wconf 86' lang='lat' dir='ltr'>Ete-</span> 
     </span>
     <span class='ocr_line' id='line_1_32' title="bbox 100 3409 1183 3501; baseline 0 -18"><span class='ocrx_word' id='word_1_229' title='bbox 100 3423 170 3483; x_wconf 88' lang='lat' dir='ltr'>nim</span> <span class='ocrx_word' id='word_1_230' title='bbox 187 3422 327 3501; x_wconf 89' lang='lat' dir='ltr'>logicam</span> <span class='ocrx_word' id='word_1_231' title='bbox 343 3409 561 3498; x_wconf 86' lang='lat' dir='ltr'>actualitatem</span> <span class='ocrx_word' id='word_1_232' title='bbox 579 3418 698 3480; x_wconf 87' lang='lat' dir='ltr'>habere</span> <span class='ocrx_word' id='word_1_233' title='bbox 714 3416 841 3497; x_wconf 89' lang='lat' dir='ltr'>nequit,</span> <span class='ocrx_word' id='word_1_234' title='bbox 859 3416 924 3477; x_wconf 91' lang='lat' dir='ltr'>nisi</span> <span class='ocrx_word' id='word_1_235' title='bbox 938 3416 974 3477; x_wconf 88' lang='lat' dir='ltr'>iu</span> <span class='ocrx_word' id='word_1_236' title='bbox 1006 3418 1183 3483; x_wconf 85' lang='lat' dir='ltr'>intellectu.</span> 
     </span>
     <span class='ocr_line' id='line_1_33' title="bbox 98 3514 1185 3598; baseline -0.001 -18"><span class='ocrx_word' id='word_1_237' title='bbox 98 3518 161 3580; x_wconf 86' lang='lat' dir='ltr'>Sed</span> <span class='ocrx_word' id='word_1_238' title='bbox 180 3518 365 3581; x_wconf 88' lang='lat' dir='ltr'>intellectus</span> <span class='ocrx_word' id='word_1_239' title='bbox 388 3518 546 3598; x_wconf 91' lang='lat' dir='ltr'>supponit</span> <span class='ocrx_word' id='word_1_240' title='bbox 561 3517 742 3595; x_wconf 63' lang='lat' dir='ltr'>objectum·</span> <span class='ocrx_word' id='word_1_241' title='bbox 759 3514 931 3578; x_wconf 87' lang='lat' dir='ltr'>nonenim</span> <span class='ocrx_word' id='word_1_242' title='bbox 957 3514 1034 3577; x_wconf 92' lang='lat' dir='ltr'>lacit</span> <span class='ocrx_word' id='word_1_243' title='bbox 1050 3516 1083 3577; x_wconf 92' lang='lat' dir='ltr'>id</span> <span class='ocrx_word' id='word_1_244' title='bbox 1097 3519 1185 3598; x_wconf 88' lang='lat' dir='ltr'>quod</span> 
     </span>
     <span class='ocr_line' id='line_1_34' title="bbox 100 3614 1185 3696; baseline 0 -19"><span class='ocrx_word' id='word_1_245' title='bbox 100 3615 266 3695; x_wconf 87' lang='lat' dir='ltr'>intelligit,</span> <span class='ocrx_word' id='word_1_246' title='bbox 283 3616 339 3678; x_wconf 88' lang='lat' dir='ltr'>sed</span> <span class='ocrx_word' id='word_1_247' title='bbox 355 3619 478 3696; x_wconf 89' lang='lat' dir='ltr'>reperit</span> <span class='ocrx_word' id='word_1_248' title='bbox 492 3633 529 3677; x_wconf 91' lang='lat' dir='ltr'>ac</span> <span class='ocrx_word' id='word_1_249' title='bbox 545 3615 773 3694; x_wconf 89' lang='lat' dir='ltr'>deprehendit.</span> <span class='ocrx_word' id='word_1_250' title='bbox 792 3616 894 3678; x_wconf 90' lang='lat' dir='ltr'>Porro</span> <span class='ocrx_word' id='word_1_251' title='bbox 911 3614 1095 3677; x_wconf 83' lang='lat' dir='ltr'>intellectus</span> <span class='ocrx_word' id='word_1_252' title='bbox 1115 3633 1185 3678; x_wconf 88' lang='lat' dir='ltr'>rea·</span> 
     </span>
     <span class='ocr_line' id='line_1_35' title="bbox 98 3711 1185 3796; baseline 0.003 -21"><span class='ocrx_word' id='word_1_253' title='bbox 98 3715 224 3777; x_wconf 86' lang='lat' dir='ltr'>litatem</span> <span class='ocrx_word' id='word_1_254' title='bbox 237 3715 493 3796; x_wconf 84' lang='lat' dir='ltr'>metaphysicam</span> <span class='ocrx_word' id='word_1_255' title='bbox 507 3723 540 3777; x_wconf 92' lang='lat' dir='ltr'>et</span> <span class='ocrx_word' id='word_1_256' title='bbox 551 3712 743 3775; x_wconf 87' lang='lat' dir='ltr'>abstractam</span> <span class='ocrx_word' id='word_1_257' title='bbox 761 3714 794 3773; x_wconf 91' lang='lat' dir='ltr'>iu</span> <span class='ocrx_word' id='word_1_258' title='bbox 812 3711 921 3792; x_wconf 88' lang='lat' dir='ltr'>seipsa</span> <span class='ocrx_word' id='word_1_259' title='bbox 937 3713 1185 3793; x_wconf 86' lang='lat' dir='ltr'>deprehendere</span> 
     </span>
     <span class='ocr_line' id='line_1_36' title="bbox 97 3812 1184 3896; baseline 0.001 -20"><span class='ocrx_word' id='word_1_260' title='bbox 97 3814 231 3895; x_wconf 88' lang='lat' dir='ltr'>nequit;</span> <span class='ocrx_word' id='word_1_261' title='bbox 248 3815 330 3896; x_wconf 50' lang='lat' dir='ltr'>quia,</span> <span class='ocrx_word' id='word_1_262' title='bbox 354 3814 424 3877; x_wconf 78' lang='lat' dir='ltr'>haec</span> <span class='ocrx_word' id='word_1_263' title='bbox 446 3815 479 3875; x_wconf 89' lang='lat' dir='ltr'>in</span> <span class='ocrx_word' id='word_1_264' title='bbox 496 3832 529 3875; x_wconf 91' lang='lat' dir='ltr'>se</span> <span class='ocrx_word' id='word_1_265' title='bbox 555 3812 627 3893; x_wconf 86' lang='lat' dir='ltr'>ipsa</span> <span class='ocrx_word' id='word_1_266' title='bbox 642 3812 863 3874; x_wconf 88' lang='lat' dir='ltr'>actualitatem</span> <span class='ocrx_word' id='word_1_267' title='bbox 891 3828 957 3874; x_wconf 90' lang='lat' dir='ltr'>non</span> <span class='ocrx_word' id='word_1_268' title='bbox 976 3812 1082 3875; x_wconf 88' lang='lat' dir='ltr'>habet.</span> <span class='ocrx_word' id='word_1_269' title='bbox 1100 3814 1184 3893; x_wconf 84' lang='lat' dir='ltr'>Ergo</span> 
     </span>
    </p>
   </div>
   <div class='ocr_carea' id='block_1_7' title="bbox 72 3956 1184 4093">
    <p class='ocr_par' dir='ltr' id='par_1_12' title="bbox 72 3956 1184 4093">
     <span class='ocr_line' id='line_1_37' title="bbox 124 3956 1184 4031; baseline 0.002 -28"><span class='ocrx_word' id='word_1_270' title='bbox 124 3957 158 4013; x_wconf 77' lang='lat' dir='ltr'>(ll</span> <span class='ocrx_word' id='word_1_271' title='bbox 171 3959 224 4004; x_wconf 80' lang='lat' dir='ltr'>llaec</span> <span class='ocrx_word' id='word_1_272' title='bbox 234 3971 287 4018; x_wconf 84' lang='lat' dir='ltr'>quae</span> <span class='ocrx_word' id='word_1_273' title='bbox 298 3959 327 4004; x_wconf 91' lang='lat' dir='ltr'>de</span> <span class='ocrx_word' id='word_1_274' title='bbox 338 3957 422 4031; x_wconf 32' lang='lat' dir='ltr'>&#39;diviua</span> <span class='ocrx_word' id='word_1_275' title='bbox 440 3957 540 4004; x_wconf 80' lang='lat' dir='ltr'>scientia</span> <span class='ocrx_word' id='word_1_276' title='bbox 551 3957 596 4004; x_wconf 90' lang='lat' dir='ltr'>hoc</span> <span class='ocrx_word' id='word_1_277' title='bbox 607 3956 659 4003; x_wconf 92' lang='lat' dir='ltr'>loco</span> <span class='ocrx_word' id='word_1_278' title='bbox 669 3957 801 4016; x_wconf 84' lang='lat' dir='ltr'>attigimus.</span> <span class='ocrx_word' id='word_1_279' title='bbox 821 3957 907 4004; x_wconf 90' lang='lat' dir='ltr'>melius</span> <span class='ocrx_word' id='word_1_280' title='bbox 919 3956 1085 4016; x_wconf 80' lang='lat' dir='ltr'>intelligentur</span> <span class='ocrx_word' id='word_1_281' title='bbox 1096 3971 1109 4004; x_wconf 92' lang='lat' dir='ltr'>a</span> <span class='ocrx_word' id='word_1_282' title='bbox 1123 3965 1184 4015; x_wconf 73' lang='lat' dir='ltr'>tyro·</span> 
     </span>
     <span class='ocr_line' id='line_1_38' title="bbox 72 4031 755 4093; baseline -0.007 -14"><span class='ocrx_word' id='word_1_283' title='bbox 72 4051 77 4060; x_wconf 93' lang='lat'>·</span> <span class='ocrx_word' id='word_1_284' title='bbox 97 4031 178 4086; x_wconf 86' lang='lat' dir='ltr'>nibus,</span> <span class='ocrx_word' id='word_1_285' title='bbox 188 4046 264 4093; x_wconf 83' lang='lat' dir='ltr'>quum</span> <span class='ocrx_word' id='word_1_286' title='bbox 276 4031 301 4079; x_wconf 94' lang='lat' dir='ltr'>in</span> <span class='ocrx_word' id='word_1_287' title='bbox 313 4032 431 4093; x_wconf 84' lang='lat' dir='ltr'>theologia</span> <span class='ocrx_word' id='word_1_288' title='bbox 443 4033 523 4079; x_wconf 87' lang='lat' dir='ltr'>lusius</span> <span class='ocrx_word' id='word_1_289' title='bbox 533 4032 755 4091; x_wconf 86' lang='lat' dir='ltr'>pertractabuntur.</span> 
     </span>
    </p>
   </div>
   <div class='ocr_carea' id='block_1_8' title="bbox 0 0 1403 4600">
    <p class='ocr_par' dir='ltr' id='par_1_13' title="bbox 0 0 1403 4600">
     <span class='ocr_line' id='line_1_39' title="bbox 0 0 1403 4600; baseline 0 0"><span class='ocrx_word' id='word_1_290' title='bbox 0 0 1403 4600; x_wconf 95' lang='lat' dir='ltr'> </span> 
     </span>
    </p>
   </div>
  </div>
 </body>
</html>
