2792 4600
202 294 262 357 266
633 310 821 356 cosuonocu.

201 425 247 488 Ex
269 426 389 508 quibus
405 423 619 501 concludunt,
638 444 769 487 necesse
794 433 915 487 esseut
940 425 1006 489 vina
1024 426 1170 509 aliquam
1186 445 1285 509 supe·

201 524 299 587 rioris
314 522 442 588 ordinis
455 523 489 586 iu
504 523 674 605 corporeis
694 523 886 588 substantiis
904 542 1130 605 agnoscamus,
1147 544 1220 606 quae
1236 525 1293 588 ia·

190 611 337 685 *ieriores
351 622 436 685 vires
447 624 628 685 attractivas
645 621 710 684 sibi
726 621 932 697 subordinat,
947 632 978 685 et
994 624 1035 686 ad
1054 623 1206 686 effectum
1222 641 1293 687 suae

202 720 345 801 propriae
361 730 485 783 naturae
500 729 757 783 consentaneum
774 720 958 783 coordinat.

245 818 316 882 tat.
333 818 617 901 Respondebimus
639 819 745 897 primo
767 818 807 880 ad
831 820 899 882 haec
917 837 990 900 quae
1009 819 1229 901 objiciuntur;
1252 836 1293 883 ac

203 914 279 978 dein
292 916 334 979 de
349 916 517 998 proposita
534 915 705 997 hypothesi
722 914 954 994 judicabimus.

244 1013 342 1096 Resp.
358 1015 467 1096 itaque
479 1015 518 1076 ad
532 1015 571 1076 1¹¹¹
587 1012 820 1077 molecularem
836 1014 869 1076 in
883 1013 1000 1095 primis
1012 1015 1239 1079 attractionem
1252 1015 1289 1079 in

203 1112 358 1175 omnibus
370 1112 564 1194 corporibus
586 1110 735 1175 eamdem
752 1111 899 1192 proiecto
920 1130 986 1176 non
1004 1132 1097 1202 esseut
1114 1115 1218 1195 major
1240 1122 1290 1179 est

204 1213 294 1275 enim
310 1212 344 1274 in
360 1211 569 1293 quibusdam,
579 1211 689 1273 minor
707 1210 740 1271 in
758 1210 842 1285 aliis,
863 1222 897 1272 ut
909 1211 1035 1292 physici
1050 1212 1290 1276 demonstrant.

204 1310 268 1374 Sed
286 1312 348 1374 hoe
364 1310 499 1385 omisso,
529 1321 615 1374 certe
631 1310 863 1390 integrandum
887 1312 1120 1383 molocularum
1137 1313 1240 1393 figura
1255 1312 1292 1375 in

205 1409 342 1473 diversis
354 1410 549 1492 corporibus
565 1409 679 1472 eadem
698 1418 836 1473 nonest.
855 1409 928 1473 llaec
944 1412 1033 1474 enim
1048 1429 1087 1481 ex,
1099 1411 1214 1493 ligura,
1228 1428 1292 1473 uu·

94 1565 105 1581 ,
206 1528 309 1588 mero,
326 1529 363 1574 ac
385 1509 601 1592 dispositione
616 1509 887 1573 constituentium
903 1519 1090 1574 atomorum
1106 1510 1294 1591 dependam

206 1630 279 1691 quae
301 1612 413 1675 omnia
436 1611 469 1673 iu
486 1611 624 1673 diversis
650 1610 842 1672 substantiis
864 1609 992 1672 diversa
1015 1620 1102 1687 sunt,
1120 1609 1295 1674 utchimia

207 1709 312 1773 docet.
332 1709 439 1773 Posita
449 1719 557 1772 autem
570 1707 696 1770 diversa
709 1708 812 1789 figura
825 1709 859 1769 iu
877 1708 1014 1770 diversis
1027 1708 1200 1771 molaculis
1210 1708 1296 1771 iute-

207 1808 479 1889 grandmesnil
495 1807 723 1890 crystallorum
739 1807 805 1888 typi
830 1806 922 1870 illico
938 1808 1154 1887 explicantur.

250 1908 486 1972 Variaturitem
498 1909 658 1982 attractio,
669 1926 726 1970 seu
740 1907 1060 1988 potiusattractionis
1072 1906 1216 1981 effectus,
1232 1922 1299 1994 pro

209 2008 438 2087 adiunctorum
453 2007 661 2069 diversitate:
684 2015 717 2067 at
731 2005 896 2067 variantur
916 2004 1015 2067 etiam
1032 2005 1065 2067 in
1082 2004 1196 2068 eadem
1215 2004 1297 2066 sub·

209 2106 326 2173 stantia
338 2105 449 2185 figurae
464 2104 670 2186 crystallina,
681 2113 718 2166 ut
733 2102 836 2179 aiunt,
850 2102 1064 2167 secundariae.
1077 2100 1154 2175 Quae
1170 2102 1298 2164 nihilo-

209 2204 318 2267 minus
334 2221 448 2267 0mnes
465 2204 491 2264 si
509 2202 708 2282 dymorphas
721 2200 919 2264 substautias
941 2200 1097 2281 excipias,
1116 2198 1300 2280 dequibus

210 2320 296 2378 mox,
306 2302 346 2364 ad
359 2301 511 2364 eumdem
525 2318 653 2382 semper
667 2310 779 2380 typum
792 2299 1011 2377 reducuntur;
1025 2300 1103 2382 quia
1116 2299 1298 2361 molecula·

211 2419 284 2464 rum
301 2400 533 2481 integrandum
549 2397 653 2460 torma
673 2396 786 2460 eadem
803 2415 933 2479 semper
958 2405 1078 2460 manet.
1095 2399 1169 2461 llaec
1184 2395 1301 2460 omnia

182 2484 185 2493 ’
211 2501 395 2563 matheseos
410 2497 567 2562 subsidiis
583 2516 601 2559 a
617 2498 719 2578 priori
736 2496 1022 2572 demonstrantur;
1049 2514 1087 2558 ac
1105 2513 1179 2558 vere
1205 2494 1301 2558 nulla

212 2610 258 2663 est
275 2601 308 2661 in
326 2597 367 2661 iis
382 2597 568 2660 difficultas.

149 2726 154 2737 ·
255 2698 325 2762 128.
342 2696 390 2759 Ad
406 2696 446 2759 Ψ·
469 2697 566 2776 Resp.
585 2695 617 2756 1⁰
643 2694 816 2757 inversione
838 2694 1076 2775 caparitensi
1099 2692 1301 2756 substantia-

213 2818 286 2862 rum
308 2798 478 2860 moleculae
503 2797 748 2877 conjunguntur
770 2795 799 2855 vi
824 2794 1005 2874 superioris
1020 2794 1187 2875 principii,
1208 2793 1302 2874 quod

210 2901 299 2979 juxta
315 2895 481 2979 propriam
498 2905 644 2958 naturam
662 2912 715 2956 eas
731 2892 873 2966 ordinat,
887 2909 946 2954 cur
963 2900 1113 2954 manente
1130 2891 1192 2954 hoc
1204 2891 1301 2971 priu-

212 2999 313 3079 cipio‚
342 2994 511 3059 moleculae
540 3010 607 3055 uon
620 3000 761 3071 'semper
790 2989 906 3052 eodem
929 2989 1028 3052 modo
1055 2989 1303 3070 disponuntur?

212 3099 341 3162 Manere
356 3105 464 3159 autem
482 3095 544 3156 hoc
560 3091 764 3173 principium
786 3089 964 3151 dicendum
980 3096 1040 3164 est,
1055 3106 1229 3170 quousque
1245 3105 1303 3153 aa·

214 3197 286 3259 dem
304 3202 413 3257 manet
425 3190 629 3267 substantia;
648 3189 787 3251 maxime
810 3186 837 3249 si
855 3186 1022 3268 principio
1039 3186 1087 3248 illi
1106 3206 1225 3249 nomen
1240 3189 1303 3251 tri·

213 3296 333 3357 buatur
344 3295 384 3354 ac'
395 3308 515 3354 munus
530 3287 753 3352 substantialis
767 3286 891 3350 lormae.
907 3287 995 3350 Patet
1010 3285 1122 3366 igitur,
1142 3286 1175 3347 in
1188 3286 1304 3349 adver·

215 3393 375 3456 sariorum
402 3387 575 3471 hypothesi
603 3386 889 3467 dymorphismum
919 3383 1185 3465 inexplicabilem
1201 3400 1302 3471 esse:

215 3502 270 3557 aut
295 3499 382 3553 certe
397 3486 560 3570 quidquid
591 3485 654 3566 ipsi
677 3483 935 3565 respondebunt,
953 3493 983 3545 et
1010 3500 1069 3547 nos
1088 3482 1208 3563 potiori
1226 3476 1306 3562 jure

215 3588 499 3672 respondebimus.

191 3680 193 3684 ’
255 3691 355 3769 Resp,
372 3688 405 3751 2⁰
418 3684 567 3768 Neyondo
582 3682 866 3764 dymorphismum
879 3699 896 3741 a
908 3680 978 3743 sola
992 3681 1183 3742 attractione
1194 3681 1306 3761 repeti

214 3807 281 3852 non
294 3803 401 3867 posse,
418 3783 521 3864 posita
533 3780 770 3845 molecularum
780 3777 1013 3858 integraotium
1026 3777 1168 3856 regulari
1182 3777 1308 3856 figura.

194 3886 342 3952 ¹Sufficit
360 3885 461 3955 enim,
486 3883 513 3944 si
545 3879 714 3943 moleculm
743 3877 940 3956 integrantes
960 3876 1058 3938 unius
1085 3876 1320 3958 ejusdemque·

217 3982 407 4049 substantiae
435 3979 573 4041 diversis
603 3974 807 4056 temporibus
836 3973 979 4036 diversas
1006 3972 1125 4053 figuras
1152 3975 1309 4055 accipere
