2792 4600
448 335 552 382 aissa
571 335 706 395 marrus,
729 335 820 382 carun
840 337 873 383 u.
1148 316 1209 382 379

118 450 184 513 dici
209 459 315 532 potest
339 450 502 532 praeterita
523 452 572 513 vel
599 451 719 524 inluta,
747 468 808 532 pro
828 451 1014 515 diversitate
1039 452 1209 534 praesentis

117 550 210 631 quod
226 550 471 631 consideretur3
499 550 777 632 quemadmodum
803 570 832 613 v.
857 569 905 630 gr.
933 568 1035 631 quum
1060 550 1209 615 Christus

118 659 288 726 natusest,
316 651 446 716 fuerant
460 650 636 713 Alexandri
652 660 813 730 tempora,
831 668 868 712 ac
884 649 992 713 futura
1007 659 1100 713 erant
1118 650 1208 712 chri-

117 748 225 812 stiana
238 749 368 825 saecula,
386 768 459 829 quae
475 748 571 813 nobis
583 748 747 830 praeterita
762 758 849 811 sunt.
1023 755 1025 760 ’

41 925 43 928 ¹
159 846 233 911 585.
259 848 292 912 si
316 849 475 929 temporis
490 846 631 911 absoluti
656 847 730 909 idea
752 865 827 910 cum
852 847 924 910 idea
946 847 1042 929 spatii
1065 846 1206 910 absoluti

117 946 319 1024 conferatur,
342 947 376 1010 in
398 947 511 1010 multis
526 945 628 1010 ambae
644 948 856 1022 conveniunt,
874 964 1061 1029 quanquam
1082 949 1113 1008 in
1130 946 1206 1027 qui-

117 1045 258 1109 busdam
274 1064 409 1127 quoque
424 1046 620 1128 discrepent.

161 1146 284 1211 Revera
305 1156 435 1229 tempus
447 1147 653 1228 concipimus
669 1156 704 1210 ut
719 1148 935 1212 essentialiter
949 1165 1060 1222 auum,
1078 1146 1112 1208 in
1128 1162 1207 1228 quo,

119 1255 151 1310 et
170 1246 353 1309 secundum
376 1246 465 1327 quod
489 1245 696 1327 omniaque
719 1258 807 1321 sunt,
831 1248 961 1320 durant,
984 1265 1022 1310 ac
1036 1245 1207 1321 diffluunt;

119 1343 208 1407 idem
230 1345 411 1426 cogitamus
430 1346 613 1425 precessisse
635 1362 746 1407 rerum
769 1346 919 1410 omnium
935 1345 1153 1420 existentiam,
1171 1361 1209 1406 ac

118 1444 318 1507 substitutum
344 1443 472 1505 etiamsi
489 1461 600 1506 rerum
616 1443 766 1506 omnium
783 1443 876 1507 deret
889 1442 1109 1519 annihilati03
1136 1450 1207 1507 tum

116 1542 204 1605 initii
215 1551 283 1606 lum
295 1541 524 1623 finitimapara,
539 1559 576 1604 ac
589 1541 729 1623 proinde
741 1552 900 1615 alermum,
913 1544 1097 1619 increatum,
1110 1560 1208 1605 mecer-

119 1737 278 1821 temp'oris
306 1748 413 1820 partes
445 1741 603 1821 separari,
633 1758 742 1821 neque
764 1742 974 1804 continuatus
1002 1741 1072 1821 ejus
1102 1740 1207 1805 fluxus

117 1846 224 1920 potest
250 1836 382 1919 concipi
409 1837 610 1917 discerptus;
636 1839 801 1913 immobile,
830 1838 901 1902 fieri
923 1840 1012 1901 enim
1035 1842 1208 1919 nequit'ul

118 1946 223 2018 parles
236 1936 396 2017 temporis
409 1944 535 1998 mutent
547 1936 699 2011 ordinem
712 1954 810 2018 quem
823 1937 909 2008 inter
921 1955 955 1999 se
969 1936 1101 2013 habent,
1114 1958 1145 2001 v.
1156 1956 1205 2018 gr.

118 2045 155 2099 ut
182 2034 253 2098 dies
279 2035 461 2098 hodiernus
483 2034 526 2097 sit
548 2034 721 2099 hesternus
741 2034 791 2098 vel
815 2037 993 2112 crastinus,
1016 2054 1054 2098 ac
1076 2035 1223 2105 landem*

118 2133 318 2209 immutabile,
339 2151 414 2216 nam
436 2141 473 2194 ut
487 2133 607 2195 mutari
623 2142 792 2215 nequeunt
807 2135 1013 2215 geometricae
1028 2135 1206 2200 relationes

120 2232 207 2294 inter
222 2231 478 2313 magnitudines,
503 2232 548 2293 ila
563 2250 696 2314 quoque
713 2234 831 2296 mutari
848 2240 1017 2314 nequeunt
1025 2234 1207 2307 ,relationes

117 2334 203 2396 inter
229 2331 333 2395 varias
360 2331 518 2411 temporis
544 2339 663 2412 parles.
691 2331 728 2395 lu
758 2332 810 2394 his
836 2330 991 2395 omnibus
1016 2333 1102 2396 binae
1125 2335 1207 2397 ideae

121 2430 219 2511 spatii
236 2448 274 2494 ac
288 2430 447 2510 temporis
464 2430 548 2492 mire
563 2430 775 2493 conveniunt.

160 2527 352 2609 [liserepant
363 2537 471 2590 autem
486 2528 520 2588 in
531 2527 586 2588 his
599 2526 747 2603 duobus;
763 2527 852 2608 quod
867 2529 900 2590 1⁰
911 2528 1008 2609 spatii
1023 2539 1129 2609 partes
1142 2528 1207 2592 sibi

119 2627 322 2703 coexistunt;
350 2625 510 2707 temporis
532 2635 639 2705 partes
661 2623 762 2687 altera
788 2625 881 2687 alleri
911 2624 976 2687 sihi
1003 2625 1206 2690 succedunt:

118 2726 153 2788 2⁰
173 2726 316 2807 spatium
335 2744 388 2788 res
410 2725 621 2789 solummodo
643 2741 819 2805 corporeas
841 2724 1054 2806 amplectitur
1076 2733 1107 2789 et
1129 2742 1208 2789 con·

118 2827 212 2902 tinet,
239 2836 369 2907 tempus
387 2842 464 2889 vero
485 2842 537 2886 res
560 2841 674 2888 omnes
699 2825 869 2888 continere
885 2823 1027 2900 videtur,
1045 2832 1116 2887 tum
1132 2843 1205 2889 cor·

119 2942 235 3007 porcas
249 2932 319 2988 tum
336 2924 559 3006 incorporeas.
1221 2935 1224 2944 ·

562 3072 727 3120 Anniculus
748 3073 783 3119 ll.

533 3184 618 3265 Quid
627 3187 667 3249 sit
680 3195 810 3267 tempus.
896 3240 937 3255 „

159 3319 234 3399 584.
259 3316 452 3397 Huiusmodi
473 3326 521 3380 cst
542 3317 701 3397 temporis
721 3317 824 3379 nolio.
849 3317 889 3380 m
911 3313 991 3404 quid
1009 3321 1058 3393 est
1076 3320 1205 3395 tempus

120 3420 154 3482 in
170 3419 224 3482 sei
240 3417 389 3481 Profecto
404 3417 561 3496 temporis
579 3416 670 3479 nolio
686 3413 783 3479 nobis
799 3415 983 3495 suggeritur
997 3420 1069 3475 lum
1092 3414 1130 3477 ab
1154 3414 1206 3475 in·

119 3526 211 3580 terna
233 3524 301 3578 tum
324 3514 365 3576 ab
386 3522 518 3576 externa
540 3513 752 3594 experientia,
778 3511 811 3573 iu
835 3529 874 3574 eo
897 3510 986 3592 quod
1012 3512 1207 3573 durationem

118 3634 188 3678 cum
197 3614 382 3677 successione
397 3611 494 3676 nobis
509 3611 616 3687 otiert,
632 3611 656 3673 i.
674 3629 704 3673 e.
723 3612 756 3673 in
770 3609 924 3690 subjectis
938 3610 1207 3691 permanentibus

119 3713 315 3776 mutationes
341 3708 404 3771 sibi
433 3708 656 3772 succedentes.
678 3707 865 3770 Videndum
892 3707 1002 3787 itaque
1016 3706 1098 3787 quid
1115 3706 1157 3769 sit
1172 3707 1206 3768 in

120 3812 217 3874 rebus
240 3809 382 3884 duratio,
407 3809 489 3889 quid
513 3808 696 3884 successi0;
721 3808 768 3869 sic
784 3807 872 3869 enim
889 3805 1112 3886 intelligemus
1127 3806 1207 3887 quid

120 3911 162 3973 sit
176 3908 306 3972 duratio
319 3906 551 3982 successionis,
567 3905 720 3969 videlicet
737 3914 866 3985 tempus
882 3903 917 3964 in
933 3921 979 3966 sa.
1066 3900 1069 3906 ’

160 4007 175 4036 *
189 4007 262 4071 585.
284 4005 463 4068 Psorosruo
480 4003 505 4068 1.
537 4003 668 4067 Duratio
686 4003 779 4067 realis
800 4002 838 4066 al
856 4004 933 4067 eutis
958 4000 1121 4065 existentia
1142 4018 1207 4065 aaa
