2792 4600
149 218 219 283 '372
477 271 487 288 g
612 227 802 274 cosuonocm.

158 352 337 415 mittamus.
349 347 505 420 Quamvis
518 346 607 408 enim
621 344 811 424 huiusmodi
824 343 907 406 lacta
918 342 1066 407 absolute
1078 340 1249 423 loquendo

156 449 313 531 explicari
330 449 426 510 aliter
440 446 578 527 possint,
596 466 625 508 v.
643 463 692 525 gr.
707 462 766 526 per
779 442 939 506 visionem
952 440 1178 522 imaginariam
1190 447 1251 503 aut

160 567 352 630 percorpus
370 556 498 610 tantum
518 562 688 627 apparens,
705 544 756 606 hae
777 552 885 606 tamen
915 541 1148 622 explicationes
1169 555 1248 620 par·

101 716 104 723 ,
155 647 352 711 ticnlaribus
375 646 442 709 illis
457 645 550 707 iactis
565 642 769 724 explicandis
785 642 894 703 minus
909 650 991 721 aptae
1013 639 1248 714 inveniuntur;

154 766 233 811 cum
249 766 286 809 ea
302 748 404 827 ipsam
420 746 567 808 virorum
583 743 719 805 illorum
736 742 941 821 praesentiam
956 747 1054 820 atque
1079 736 1247 818 operatio-

156 849 281 910 nemin
296 844 434 907 dirersis
450 841 531 906 locis
542 842 670 921 exigere
681 838 865 902 videantur.

198 943 271 1008 568.
295 943 454 1006 Caeterum
472 944 539 1003 lraec
555 940 752 1003 relationum
772 938 928 1002 localium
958 946 989 1001 et
1013 937 1246 1019 operationum

136 1031 364 1109 ¹externarum
386 1038 619 1120 multiplicatio
646 1043 772 1100 terrere
792 1054 852 1101 nos
879 1037 1017 1099 minime
1038 1036 1146 1101 debet.
1162 1035 1247 1100 Nam

154 1142 285 1206 tandem
302 1139 481 1221 aliqnando
496 1139 568 1220 quis
584 1138 682 1211 dicat,
700 1155 735 1198 se
755 1139 788 1200 in
815 1136 867 1198 his
894 1135 1077 1199 evidentem
1098 1135 1246 1218 reperire

154 1238 470 1307 contradictionem?

196 1343 281 1407 Sane
306 1338 462 1401 attributa
488 1355 561 1418 quae
586 1334 750 1398 contraria
777 1342 853 1402 sunt
877 1335 998 1397 ratione
1014 1335 1157 1416 subjecti,
1185 1301 1245 1397 uni

153 1440 329 1519 eidemque
345 1436 491 1518 subjecto
507 1435 683 1498 convenire
708 1450 775 1495 non
803 1441 950 1514 possunt,
963 1453 993 1496 v.
1011 1451 1060 1514 gr.
1077 1432 1244 1497 vulnerari

153 1550 187 1606 ot
201 1556 318 1601 sanum
334 1555 414 1610 esse,
432 1536 540 1598 vivum
566 1552 636 1596 esse
661 1542 694 1594 et
718 1541 898 1610 mortuum,
914 1532 1040 1597 bonnm
1059 1540 1091 1596 et
1104 1534 1242 1608 malum,

152 1639 296 1718 cogitare
312 1636 439 1699 diversa
464 1644 496 1698 et
512 1634 563 1697 liis
579 1633 714 1696 similia.
731 1634 837 1714 Atque
863 1632 933 1696 haec
958 1632 1104 1714 prolecto
1120 1632 1154 1695 in
1170 1650 1244 1695 cor·

151 1756 234 1820 pore
249 1737 452 1800 multilocato
466 1736 579 1799 baberi
595 1735 694 1799 simul
711 1743 895 1816 nequeunt;
910 1753 1018 1814 neque
1031 1733 1195 1796 habentur
1207 1733 1241 1795 in

150 1845 341 1899 sanctorum
367 1834 683 1898 multilocationibus
711 1853 818 1914 neque
839 1834 1062 1917 supponendae
1078 1844 1165 1898 sunt.
1182 1834 1240 1904 At·

149 1935 274 1998 tributa
289 1952 365 1998 nero
386 1953 458 2015 quae
484 1942 560 1997 sunt
587 1933 751 1997 contraria
775 1934 1003 1998 tantummodo
1027 1934 1147 2001 ratione
1168 1935 1238 2011 loci,

149 2053 270 2114 nempe
301 2035 427 2097 ratione
453 2044 660 2114 respectnum
691 2034 730 2095 ad
758 2035 884 2098 diversa
910 2053 1060 2116 corpora,
1077 2044 1113 2098 ut
1129 2048 1163 2100 ν.
1186 2054 1236 2118 gr.

148 2133 264 2197 sedere
289 2143 322 2196 et
349 2142 444 2209 stare,
463 2135 584 2197 moveri
612 2144 643 2196 et
669 2135 849 2216 quiescere,
872 2135 1002 2218 aliaque
1032 2134 1237 2216 hujusmodi,

148 2233 231 2304 haec.
250 2233 397 2314 inquam,
413 2234 440 2296 si
454 2234 487 2295 in
501 2234 638 2298 diversis
650 2235 733 2299 locis
744 2236 874 2317 corpori
888 2235 1046 2318 replicato
1061 2236 1238 2299 convenire

147 2349 245 2413 posse
261 2332 423 2407 dicantur,
440 2333 526 2394 nihil
544 2334 577 2396 in
595 2334 657 2397 hoc
672 2318 942 2397 contradictionis
956 2334 1081 2397 includi
1094 2335 1235 2399 videtur.
1286 2361 1288 2365 ·

147 2428 336 2495 Relationes
351 2432 439 2492 enim
468 2431 531 2494 loci
559 2432 643 2493 nibil
672 2431 761 2495 aliud
788 2420 874 2508 su'nt,
891 2451 989 2514 quam
1006 2432 1181 2497 relationes
1197 2434 1237 2495 ad

147 2545 289 2609 corpora
305 2529 442 2591 diversa.
458 2528 528 2590 lam
555 2547 668 2610 quare
682 2530 857 2593 relationes
879 2530 919 2593 ad
945 2548 1085 2612 corpora
1109 2531 1237 2595 diversa

145 2623 284 2689 diversae
299 2644 370 2688 esse
383 2627 417 2689 in
433 2626 549 2690 eodem
565 2644 631 2691 non
649 2629 792 2707 possint?
807 2629 896 2692 llanc
914 2639 1000 2691 certe
1016 2628 1235 2693 diversitatem

146 2723 184 2786 in
200 2724 396 2804 corporibus
410 2743 542 2805 quoque
557 2742 623 2788 non
639 2725 860 2801 multilocatis‚
877 2734 908 2788 et
932 2726 1022 2804 juxta
1040 2736 1233 2791 consuetum

145 2831 273 2888 naturae
289 2823 438 2887 ordinem
456 2824 490 2886 in
507 2823 580 2886 loco
601 2843 635 2886 se
659 2824 856 2888 habentibus
877 2825 1115 2906 perspicimus5
1130 2844 1234 2908 quum

144 2936 178 2986 v.
196 2939 244 3002 gr.
261 2918 318 3002 qui
345 2922 380 2982 in
407 2921 478 2983 navi
505 2921 609 2996 sedet,
625 2924 766 3002 quiescit
791 2931 941 3003 respectu
966 2942 1080 2987 eorum
1103 2927 1232 3007 quaein

144 3020 221 3083 navi
238 3027 324 3093 sunt,
342 3037 379 3080 ac
392 3021 539 3082 movetur
552 3028 702 3099 respectu
719 3020 851 3082 littoris.

188 3119 290 3199 igitur
305 3135 413 3199 neque
438 3118 720 3198 circumscriptura
748 3119 898 3199 eorporis
917 3118 1133 3184 multilocatio
1152 3140 1232 3187 con·
1270 3174 1278 3189 .

144 3210 335 3280 tradictoria
351 3216 415 3278 dici
436 3225 552 3296 potest.

185 3314 259 3377 569.
284 3316 403 3378 Contra
415 3313 686 3377 multilocationis
702 3314 737 3375 in
759 3332 877 3393 genere
892 3313 1154 3395 possibilitatem.

186 3413 246 3479 Ob.
263 3414 289 3478 l.
307 3402 513 3493 Principium
529 3413 748 3475 certissimum
764 3421 812 3475 est
830 3431 867 3475 ea
882 3432 954 3493 quae
969 3415 1134 3478 distinctis
1149 3416 1230 3480 locis

141 3515 288 3578 existunt
300 3513 430 3576 realiter
442 3511 600 3591 distingui
611 3510 855 3591 :separabilitas
868 3512 956 3575 enim
971 3514 1068 3577 unius
1080 3514 1120 3577 ab
1129 3515 1229 3579 altero
1362 3504 1363 3597 l

141 3631 247 3678 unum
263 3622 312 3675 est
326 3633 366 3674 ex
380 3613 477 3674 realis
493 3611 716 3673 distinctionis
733 3611 878 3674 indiciis.

184 3715 253 3777 lloc
264 3724 371 3775 autem
388 3712 589 3794 principium
605 3711 719 3773 evertit
734 3711 917 3791 replicatio,
934 3712 960 3774 si
985 3712 1153 3794 possibilis
1167 3723 1224 3777 est.

139 3810 223 3876 Nam
239 3830 297 3893 pcr
311 3810 559 3892 replicationem
577 3805 664 3871 idem
681 3827 801 3890 corpus
827 3819 1032 3890 separaretur
1056 3829 1074 3873 a
1099 3812 1224 3893 seipso;

135 3910 220 3996 quia
236 3911 269 3973 in
286 3911 447 3974 distinctis
464 3911 545 3975 locis
561 3909 726 3972 existeret.
