2792 4600
229 338 289 401 408
661 357 848 403 cosuotoera.

232 491 246 527 ι
271 468 466 532 miraculosa
479 470 856 550 sitquoddamdicinum
866 470 1092 536 testimonium
1102 472 1315 536 indicativum
1379 525 1380 538 t

234 590 248 625 ι
274 567 393 630 divinae
409 569 539 633 virtutis
551 580 583 631 et
596 570 751 645 veritatis,
766 570 792 632 si
807 570 1024 645 damonibus,
1039 589 1181 652 quorum
1193 581 1241 636 est
1252 582 1319 637 tota

233 688 247 723 ι
271 666 419 729 voluntas
432 668 471 729 ad
486 668 622 741 malum,
637 668 747 750 aliqua
761 676 900 748 potestas
916 667 1048 758 daretur
1061 669 1202 734 faciendi
1217 672 1317 734 mira·
1379 723 1380 726 ,

234 787 248 819 ι
272 766 356 840 cula,
375 769 457 829 Deus
474 766 623 829 falsitatis
643 784 758 831 eorum
775 768 865 829 testis
880 767 1032 830 existeret
1060 770 1109 847 (ι).
1133 793 1148 827 ι

663 916 828 963 inritatus
843 916 890 961 ιιι.

521 1030 565 1092 Dc
583 1049 676 1093 causo
691 1032 912 1092 miraculorum
926 1031 1028 1111 finali.
1057 1042 1062 1053 ·

272 1159 345 1224 tto.
369 1159 555 1223 Pnorosirro
578 1162 614 1223 V.
639 1161 763 1224 Finolic
783 1161 927 1223 miraculi
944 1179 1050 1236 conso,
1071 1179 1135 1223 non
1149 1162 1268 1243 quidem
1285 1163 1320 1224 tn

233 1258 338 1319 ordine
351 1259 492 1339 physico,
509 1261 560 1320 sed
576 1260 611 1321 in
624 1259 733 1321 altiori
745 1259 942 1339 procidentia
953 1260 1060 1321 ordine
1070 1259 1245 1322 continetur
1259 1279 1270 1323 .·
1285 1262 1321 1322 in
1379 1283 1380 1340 ι

232 1376 324 1438 eoque
339 1364 382 1419 est
402 1360 512 1438 potito,
537 1366 573 1420 ut
586 1358 748 1432 miraculo,
766 1370 913 1440 mnquorn
933 1360 1021 1440 ripno
1035 1378 1072 1422 uc
1086 1361 1257 1423 testimonio
1270 1360 1321 1423 dt'·

232 1457 315 1529 nino,
333 1457 451 1536 aliquid
465 1476 485 1517 c
497 1456 558 1518 ilco
573 1457 751 1518 hominibus
765 1457 987 1544 manifestetur.

240 1586 245 1595 ,
273 1556 355 1617 Nota
371 1555 401 1616 ir
416 1555 568 1617 ordinem
594 1557 757 1636 plurinum
779 1572 849 1616 esse
870 1555 1021 1617 ordinem
1040 1573 1151 1618 rernm
1167 1558 1319 1620 materia·

233 1652 314 1713 lium
331 1652 370 1713 ad
386 1663 491 1716 certos
507 1655 668 1733 quosdam
684 1652 818 1732 effectus
835 1669 843 1715 ε
861 1652 1013 1714 ordinem
1033 1670 1109 1716 vero
1120 1654 1324 1734 providentie

233 1769 304 1813 esse
333 1752 579 1818 ordinationem
613 1769 725 1813 rerum
756 1750 918 1825 omnium,
949 1768 986 1812 ac
1027 1752 1166 1814 maxime
1194 1753 1323 1816 entium

234 1852 501 1932 intelligentium,
524 1854 564 1916 ad
588 1853 705 1914 mundi
730 1852 841 1914 finem.
858 1850 945 1915 Ordo
970 1851 1070 1931 igitur
1086 1852 1241 1933 physicus
1256 1852 1323 1914 mi·

234 1968 296 2011 nus
319 1960 415 2030 patet,
437 1969 534 2032 quam
562 1951 645 2015 ordo
670 1949 904 2030 providentiam
932 1959 1046 2030 estque
1069 1950 1214 2012 medium
1242 1951 1323 2013 huic

233 2043 499 2113 subordinatum.

273 2150 307 2213 2⁰
329 2151 406 2223 Quae
424 2152 507 2211 Deus
525 2143 583 2228 per
598 2148 758 2210 miracula
780 2155 926 2220 testatur,
943 2156 1013 2209 tum
1029 2146 1069 2208 ad
1085 2148 1230 2228 aliquam
1245 2168 1324 2231 per·

189 2302 216 2343 ,Q
233 2266 359 2324 sonam,
378 2261 450 2336 tum
464 2249 504 2311 ad
520 2248 665 2329 aliquam
684 2248 869 2310 doctrinam
886 2246 1049 2329 pertinere
1062 2265 1169 2329 posse.
1185 2247 1233 2311 Ad
1246 2266 1324 2330 per·

233 2367 346 2412 sonam
366 2349 509 2428 pertinet
524 2347 744 2411 manifestatio
762 2347 971 2423 innocentia,
988 2348 1178 2422 sanctitatis,
1196 2349 1323 2413 amoris

234 2448 290 2512 Dei
317 2450 356 2509 ad
386 2449 489 2519 illam,
516 2457 572 2510 ant
600 2467 618 2509 e
645 2465 803 2510 converso
829 2445 981 2509 criminis
1010 2456 1041 2509 et
1066 2446 1251 2526 nequitia:
1280 2448 1322 2509 ad

127 2598 132 2603 .
233 2549 416 2608 doctrinam
443 2545 649 2608 confirmatio
673 2544 818 2607 veritatis
842 2544 923 2624 eJus,
940 2545 988 2604 vei
1005 2528 1101 2606 etiarn
1117 2543 1237 2607 divinae
1253 2545 1325 2608 ori·

234 2647 348 2726 ginis.¹

272 2744 345 2807 447:
370 2747 484 2808 Finem
510 2744 747 2806 miraculorum
770 2761 836 2805 non
860 2743 1023 2806 contineri
1046 2743 1131 2807 intra
1147 2743 1324 2824 physicum

232 2842 395 2916 ordinem,
412 2842 620 2904 manifestum
638 2854 698 2905 est.
713 2841 792 2904 Nam
810 2841 899 2903 iniis
915 2842 949 2903 in
966 2841 1088 2923 quibus
1103 2851 1226 2904 naturae
1238 2842 1326 2906 ordo

233 2941 454 3002 immediatam
479 2941 535 3002 Dei
560 2942 787 3021 operationem
808 2942 995 3002 constanter
1016 2941 1168 3021 requirit,
1184 2951 1219 3004 ut
1236 2941 1326 3004 dixi·

233 3058 306 3102 mns
320 3039 407 3117 (456;
422 3039 465 3116 1⁰,
480 3040 535 3117 2⁰),
551 3041 748 3102 miraculum
763 3058 828 3102 non
843 3050 900 3102 est.
916 3038 1180 3120 Supponiautem
1192 3041 1323 3121 nequit,

233 3149 356 3202 naturae
392 3139 543 3201 ordinem
577 3139 726 3219 indigere
752 3139 931 3218 aliqnando
960 3157 1055 3220 posse
1084 3142 1254 3213 miraculo,
1287 3151 1327 3203 ut

137 3274 148 3290 -.
232 3254 464 3302 conservetur:
485 3239 546 3299 hoc
561 3237 651 3299 enirn
674 3237 863 3301 ostenderet
883 3237 916 3297 in
933 3256 1087 3317 supremo
1100 3237 1219 3316 opifica
1236 3255 1325 3319 pne·

162 3360 165 3365 ·
212 3402 215 3407 ,
231 3339 366 3400 visionis
378 3337 552 3413 deiectum,
567 3339 846 3417 quemadmodum
861 3337 894 3398 in
911 3338 1056 3399 humano
1068 3337 1203 3411 artifice,
1215 3356 1324 3419 quum

233 3438 266 3498 in
283 3437 466 3498 machinae
484 3454 518 3497 se
533 3445 693 3498 exstructa
708 3435 833 3516 aliquid
851 3435 1026 3498 emendare
1048 3436 1186 3515 cogitur,
1203 3454 1245 3498 ne
1263 3437 1325 3499 itta

161 3593 164 3596 ,
233 3535 428 3597 dissolvatur
443 3533 641 3596 autinutiIis
657 3536 739 3596 tint.¹
795 3597 800 3605 ,
855 3605 856 3609 ¹
1238 3542 1241 3547 ’
1321 3520 1332 3539 ’

273 3633 427 3698 ΜίιιιιιΙι
442 3651 519 3696 vero
535 3651 601 3696 non
619 3643 786 3711 possunta
803 3634 868 3696 Deo
881 3633 964 3710 fieri,
980 3633 1043 3694 nisi
1059 3643 1192 3713 propter
1204 3634 1324 3699 finem.

234 3734 316 3794 ilinc
332 3733 429 3793 tinem
447 3732 605 3795 miracula
622 3733 762 3794 habeant
782 3750 914 3793 necesse
939 3732 1079 3812 estr-qui
1103 3749 1178 3794 curn
1201 3733 1236 3794 in
1264 3751 1324 3796 or·

233 3833 311 3894 dine
327 3832 463 3912 physico
484 3849 550 3893 non
577 3832 797 3905 contineatur,
814 3830 855 3892 ad
871 3830 1023 3893 ordinem
1040 3839 1127 3893 certe
1143 3833 1326 3911 providen-

233 3932 285 3994 tiae
296 3933 456 4010 pertineat
467 3940 606 4010 oportet.
620 3931 678 3992 Per
691 3932 759 3990 haec
771 3930 973 4010 patetprima
982 3927 1326 4012 propositionispars'.

186 4094 190 4104 ¹
262 4045 294 4099 (i)
309 4042 388 4097 Q.cit.
401 4048 446 4087 art.
459 4042 485 4086 V.
