2792 4600
436 348 705 410 cinnamomum,
728 351 820 398 moun
842 353 887 399 ιιι.
1136 332 1199 398 345

111 486 183 531 uem
215 466 481 529 constituendum
509 469 679 547 pervenire
709 473 877 546 poterent;
905 464 1033 528 etiamsi
1061 465 1102 528 de
1130 465 1205 529 solu

110 565 299 645 inungunico
316 584 418 646 reguo
435 566 622 647 loquamur.
636 566 681 628 Ac
696 565 723 629 si
741 565 782 627 iis
795 565 923 645 legibus
936 565 970 628 in
984 581 1096 628 nerum
1111 565 1206 646 prin·

108 666 195 744 cipio
221 664 358 727 materie
383 664 557 744 regebatur
579 664 702 745 quibus
718 681 807 726 nuuc
822 664 946 744 regitur
974 663 1110 743 (dequo
1126 662 1205 744 quis

110 762 502 842 dubitetl),certissimum
519 770 578 836 est,
595 770 760 826 tantarum
776 779 887 826 rerum
902 763 1122 834 molitionem,
1136 760 1200 823 nisi

110 863 207 941 longo
223 862 382 942 temporis
397 861 549 937 decursu,
569 862 679 942 perfici
697 879 763 925 nou
782 861 939 942 potuisse.
953 859 1040 940 Ergo
1055 859 1082 921 si
1096 859 1201 921 divini
1311 889 1316 897 .

23 1037 24 1046 ἶ
108 961 219 1041 operis
245 961 412 1024 exsecutio
429 959 664 1022 'materialibus
691 960 819 1024 viribus
848 958 1024 1021 coiumissa
1049 965 1108 1031 est,
1126 956 1204 1019 diu·

23 1083 24 1092 ι
110 1068 244 1120 turnum
263 1058 340 1120 sutis
361 1057 520 1138 temporis
542 1058 752 1121 intervallum
779 1057 895 1121 mundi
921 1054 1069 1118 conditio
1088 1062 1202 1134 pustu-

110 1156 200 1218 lavit.

147 1253 223 1319 508.
247 1255 322 1318 llaec
336 1254 421 1318 ratio
436 1253 651 1335 conjectando
666 1275 676 1334 ;
690 1258 828 1337 ejusque
846 1253 1049 1333 conjecturas
1064 1250 1205 1314 mirifice

109 1352 293 1427 coufirmat,
308 1352 467 1415 institutis
481 1352 516 1415 in
530 1352 678 1415 terrestri
689 1353 814 1417 cortice
825 1350 1080 1415 accuratissimis
1092 1348 1206 1413 obser·

109 1450 307 1525 sationibus,
325 1450 487 1531 geologie.
504 1449 590 1513 lllud
608 1451 751 1513 enimin
778 1451 929 1532 presenti
946 1449 1034 1531 apud
1048 1449 1205 1530 geulogos

110 1566 237 1624 omnes,
254 1548 303 1611 vel
319 1557 406 1614 certe
428 1549 516 1630 sputi
545 1548 773 1614 nobilissimos
789 1567 950 1631 quosque,
968 1556 1076 1612 ratum
1091 1547 1126 1628 in
1142 1546 1205 1609 hoc

109 1664 143 1707 re
158 1644 327 1726 fixumque
343 1654 402 1722 est,
418 1645 541 1710 terreni
564 1647 654 1727 globi
670 1656 770 1711 strata
784 1656 882 1730 etque
895 1648 1065 1712 involucra
1077 1656 1203 1710 nature

109 1744 235 1808 vicibus
262 1744 448 1810 successive
475 1744 640 1809 eleborata
666 1746 846 1809 multorum
876 1746 1072 1810 seculorum
1102 1762 1204 1826 opere

110 1842 223 1908 luisse.
240 1842 277 1906 ld
295 1844 384 1924 quod
407 1844 598 1908 eorumdem
622 1853 800 1909 stratorum
826 1854 952 1920 nuturs,
969 1843 1115 1927 partitio,
1131 1843 1202 1906 dis·

110 1942 248 2030 positio,
275 1943 427 2017 elevatio,
459 1942 647 2021 inclinatio,
675 1963 713 2007 sc
742 1944 865 2008 lussilia
896 1961 1035 2024 corpora
1060 1960 1144 2023 quael
1165 1941 1202 2003 iu

110 2041 151 2105 iis
170 2043 365 2124 consepulta
385 2042 608 2124 reperiuntur,
630 2044 681 2106 vel
708 2042 820 2124 invitis
841 2043 962 2107 animis
987 2041 1126 2105 sundere
1150 2041 1201 2101 vi·

110 2142 243 2206 deutur.
525 2205 527 2210 ,

147 2238 224 2304 509.
249 2241 325 2304 Post
340 2238 485 2322 primum
506 2240 667 2307 terrestris
683 2241 773 2322 globi
789 2240 957 2317 corticem,
975 2239 1032 2322 qui
1049 2237 1201 2320 vegelsli,

23 2422 24 2425 Ἴ
111 2350 145 2406 ut
164 2341 376 2417 siunuterra
397 2341 651 2423 fluvialibusque
678 2341 918 2417 crassamenlis‚
941 2348 997 2403 sut
1020 2336 1201 2401 vulcanicis

24 2512 25 2521 χ
109 2441 328 2519 electionibus
343 2442 578 2521 constantinum
604 2451 692 2506 certo
712 2441 861 2522 quaedem
885 2441 985 2503 series
1010 2446 1198 2509 stratorum,

108 2558 182 2620 uum
199 2541 264 2604 elia
278 2541 352 2604 sliis
367 2559 467 2621 super
482 2541 589 2622 posits
604 2550 690 2613 sunt,
707 2553 739 2603 el
760 2542 847 2604 inter
861 2559 896 2604 se
911 2549 976 2601 tam
1001 2535 1200 2605 substantia·

110 2656 183 2703 rum
208 2640 330 2721 quibus
356 2641 554 2717 coalescunt,
572 2659 669 2722 quem
692 2640 859 2704 lossilium
879 2638 1108 2720 organicorum
1126 2652 1200 2716 quae

24 2762 25 2803 ι
109 2737 294 2814 continent,
311 2746 426 2799 natura
445 2737 612 2801 differunt.
630 2737 735 2805 Strato
761 2739 830 2800 hsec
856 2742 975 2801 mena
995 2740 1110 2798 vocant
1125 2749 1200 2814 geo·

24 2872 25 2879 ι
113 2835 191 2916 logi.
776 2886 782 2899 .

24 2892 28 3027 l
151 2935 231 3008 Qum
246 2932 503 3014 profundissimo
518 2940 605 3009 sunt,
622 2941 655 2995 et
670 2933 750 2997 olim
761 2933 922 3014 primitiva
937 2929 1202 3012 appellabantur,

23 3034 28 3145 l
112 3032 188 3113 igne
209 3033 374 3097 elaborata
400 3032 593 3096 creduntur.
610 3034 646 3097 lu
675 3033 726 3094 his
752 3033 898 3096 eminent
921 3028 1203 3113 crystallizstiouis

22 3192 23 3197 ,
110 3148 213 3213 opero
229 3133 303 3214 plus
326 3132 475 3195 minusve
490 3131 655 3207 distincta,
672 3133 748 3213 plus
763 3133 912 3195 minusve
928 3131 1086 3212 perlecta3
1103 3128 1204 3191 nullm

113 3248 190 3295 veno
206 3232 523 3311 suntorgsuicorum
536 3248 714 3313 corporum
729 3232 891 3313 reliquiae.
964 3276 968 3287 ,

142 3330 212 3394 -llis
227 3329 473 3411 superinsident
487 3340 626 3405 terrena,
640 3349 714 3412 quae
727 3330 861 3411 quidam
874 3329 985 3391 dixere
996 3316 1205 3391 transitionis?

114 3428 188 3492 llaec
198 3447 237 3491 es
253 3428 382 3492 morino
394 3428 557 3492 sedimine
571 3430 680 3511 genite
695 3448 730 3491 se
743 3429 899 3510 produnt,
913 3437 944 3490 et
957 3427 998 3489 ab
1012 3428 1086 3505 igne
1099 3425 1206 3488 modi·

114 3527 218 3591 ficone.
237 3527 273 3590 lu
302 3528 353 3590 his
375 3528 501 3592 lossilia
523 3530 737 3592 inveniuntur
752 3528 914 3609 organice,
931 3543 1050 3606 nempe
1073 3525 1204 3606 plantes,

113 3628 275 3708 zoopnyta
290 3636 325 3689 ot
336 3627 488 3708 quedam
503 3635 653 3690 testacea.

157 3725 344 3789 Succedunt
365 3736 496 3789 terrena
509 3726 704 3788 secundario.
722 3725 758 3787 ln
776 3724 828 3786 his
843 3724 965 3804 puriter
979 3739 1137 3803 aquarum
1154 3739 1205 3784 se·

113 3825 262 3888 nimenta
277 3826 415 3904 reperis,
432 3823 531 3905 utque
556 3826 693 3904 insupes¹
720 3822 876 3885 immania
902 3821 1026 3885 fossilis
1051 3819 1205 3883 carbonis

114 3931 352 4002 crasssmnutn3
369 3924 468 3987 simul
485 3922 694 4005 vegetationis
714 3921 872 4002 reliquias
887 3921 1017 3995 multas,
1034 3918 1208 4001 reptilium

47 4034 50 4041 ·
118 4020 302 4103 ingentium
319 4022 462 4098 exuvias,
478 4039 516 4086 cc
531 4020 638 4103 primu
653 4021 763 4084 evium
779 4018 924 4099 vestigia.
