2792 4600
197 320 262 389 aot
653 305 861 392 cosnonoons

199 472 280 518 vero
301 454 460 518 atomistoe
482 455 568 517 hano
585 453 772 519 doctrinam
794 456 960 538 rejiciunt.
983 457 1063 531 Quis
1084 460 1173 524 enim
1189 473 1284 544 putet,

201 555 274 619 sola
288 553 478 617 extensione
491 554 650 635 explicari
663 549 758 634 posse
770 556 1116 635 impenetrabilitatem
1129 577 1167 623 ao
1179 563 1286 644 physi-

202 671 280 716 onm
293 663 419 717 motum
433 670 623 734 corporum,
637 655 877 730 attractionem,
891 653 1085 734 celorinum,
1098 658 1286 732 electricita·

202 766 283 829 tom,
298 753 567 834 magnetismum‘t
581 751 661 814 Vide
673 752 826 833 superius
838 752 925 818 diota
937 754 1070 834 tot-ot).
1084 755 1288 839 Sumoigitnr

203 863 360 935 tanquam
380 860 519 926 eertum,
542 851 715 931 qualitates
730 870 846 914 ornnes
861 853 1085 930 secundarios,
1102 867 1167 917 tarn
1182 875 1288 921 neees-

203 955 308 1018 serias
337 971 435 1035 quam
466 950 650 1026 variabiles,
675 969 692 1011 a
720 950 902 1016 substantia
924 968 1082 1031 corporea
1106 956 1287 1033 procedere,

205 1052 373 1118 mediante
394 1050 584 1115 extensione
613 1060 645 1111 et
666 1048 696 1109 vi
721 1049 835 1113 saltem
858 1049 1032 1114 resistendi
1055 1070 1128 1133 quae
1150 1054 1290 1133 ejusden

205 1152 395 1216 substantiae
417 1148 603 1212 essentialia
625 1145 782 1210 attributa
804 1157 892 1209 sunt.
917 1145 1061 1219 Quaestio
1083 1159 1130 1212 est
1154 1162 1291 1216 tanturn-

206 1251 308 1316 modo
332 1252 373 1311 de
401 1248 511 1321 modo,
536 1265 602 1326 quo
626 1256 814 1308 memorate
836 1246 1009 1326 qualitates
1031 1246 1071 1309 ab
1096 1248 1147 1309 his
1171 1249 1290 1315 duabus

205 1348 410 1432 procedunt;
425 1347 569 1425 itemque
582 1362 648 1423 qno
662 1352 756 1422 paeto
768 1342 854 1405 binae
867 1343 937 1405 istae
947 1344 1134 1408 essentiales
1146 1348 1291 1429 proprie·

165 1521 179 1548 ι
206 1458 289 1512 tates
299 1466 322 1507 -e
337 1446 520 1510 substantia
536 1443 718 1504 dimanent.

248 1548 328 1632 209„
347 1546 525 1609 Prorosrrro
547 1542 598 1604 lV.
624 1538 797 1616 Quolitotet
819 1558 922 1601 omnes
943 1558 1101 1621 corporee,
1123 1545 1186 1607 tioe
1199 1563 1293 1608 neee-

206 1649 299 1711 soriae
313 1648 374 1709 illo
388 1647 462 1720 tint,
478 1645 540 1705 tine
554 1641 731 1712 variabiles,
743 1639 782 1701 ol
797 1640 974 1703 extensione
987 1660 1025 1703 oo
1039 1640 1071 1703 oi
1081 1643 1239 1706 resistente·
1249 1646 1292 1708 di·

208 1756 353 1820 manant,
376 1744 423 1805 vel
436 1742 572 1804 otsotote
585 1740 629 1803 vel
641 1740 743 1819 posito
758 1738 942 1800 conditione.

255 1845 323 1907 lloe
345 1845 418 1906 loco
442 1839 677 1902 dimanationis
698 1839 833 1900 nomine
859 1837 1010 1917 intelligo
1031 1842 1294 1922 consequentiam

211 1944 389 2024 quarndam
403 1940 544 2013 essendi,
562 1940 676 2002 saltem
693 1937 874 2000 seeundum
887 1947 1064 2018 conceptus
1080 1949 1223 2016 nostros,
1237 1941 1298 2005 sire

212 2041 364 2104 absolute
389 2039 456 2101 sive
491 2038 699 2119 hypothetice
729 2036 956 2100 neeessariam.
982 2037 1168 2102 llimanatio
1192 2040 1298 2120 liuius·

216 2139 320 2213 modi,
334 2138 434 2218 ⁴quod
457 2137 497 2199 ad
520 2135 692 2217 qualitates
715 2152 890 2214 corporeas
906 2135 1031 2211 attinet,
1050 2137 1170 2218 triplex
1184 2149 1233 2200 est
1248 2157 1255 2203 :
1273 2142 1300 2203 1⁰

217 2256 276 2322 per
292 2254 415 2300 meram
432 2234 655 2299 resultantiam
673 2235 728 2298 :2⁰
749 2252 806 2314 per
825 2232 1048 2296 resultantiam
1076 2236 1181 2316 posita
1196 2236 1301 2318 aliqua

216 2338 344 2400 actione
365 2354 372 2399 :
395 2336 428 2397 5⁰
445 2354 502 2415 per
518 2333 743 2396 resultantiam
760 2333 867 2413 posito
883 2333 995 2414 aliquo
1010 2334 1166 2399 termino.

260 2435 333 2500 alt).
361 2439 391 2498 10
414 2435 597 2498 Dimanatio
609 2452 664 2514 per
676 2450 791 2493 merom
805 2430 1019 2495 resultantiam
1035 2433 1185 2509 habetur,
1203 2453 1301 2517 quum
1365 2430 1366 2483 ἶ

217 2557 258 2601 ex
273 2536 404 2599 duobus
421 2551 493 2615 quoe
507 2532 660 2595 distinete
676 2530 921 2610 concipiuntur,
937 2549 1038 2594 unum
1055 2530 1190 2613 ponitur
1203 2535 1237 2597 in
1251 2552 1302 2598 or·

218 2633 476 2698 dine-realitatis.
487 2633 551 2694 lroo
567 2631 639 2711 ipso
656 2629 745 2711 quod
763 2629 895 2709 ponitur
908 2630 1057 2694 alterurn.
1074 2631 1122 2694 lta
1136 2633 1177 2695 ab
1196 2646 1302 2699 exten·

219 2736 312 2798 sione
338 2734 482 2795 dimanat
497 2731 715 2812 fiporotititoe,
733 2731 812 2809 quia
833 2746 908 2792 oum
930 2731 1076 2794 extensio
1092 2732 1220 2796 infinita
1237 2753 1304 2800 esse

221 2843 354 2914 nequet,
372 2832 470 2893 certis
487 2829 647 2893 limitibus
663 2830 870 2891 contineatur
886 2837 1032 2909 oportet;
1054 2831 1253 2897 divisibiliter
1275 2844 1304 2898 et

219 2933 357 3009 inertie:
375 2928 463 3010 quod
480 2927 569 2990 enirn
587 2937 693 3007 partes
710 2937 798 2989 extra
815 2936 921 3007 partes
938 2926 1046 3002 habet,
1063 2946 1225 3012 nusquam
1243 2933 1303 2996 sibi

222 3031 404 3094 identioutn
427 3039 486 3103 est,
510 3045 547 3089 ae
570 3027 711 3107 proinde
732 3027 877 3107 seipsum
901 3026 1119 3093 determinare
1141 3029 1305 3111 adactum

222 3150 291 3196 non
316 3136 431 3210 potest.
451 3126 575 3190 Eodem
591 3126 691 3189 modo
707 3145 725 3187 a
739 3130 768 3188 vi
794 3125 966 3191 resistendi
990 3126 1159 3192 dimanant
1173 3131 1306 3212 impene-

218 3230 386 3300 trabiliter,
401 3243 437 3286 ae
453 3225 500 3287 oie
513 3224 643 3295 inertie,
662 3235 697 3284 nt
713 3240 811 3304 supra
826 3237 994 3287 ostensum
1010 3235 1057 3288 est
1073 3227 1156 3307 (¹87,
1174 3228 1245 3309 195)
1256 3248 1265 3309 ;
1277 3239 1307 3294 et

166 3329 170 3334 ’
221 3330 264 3392 ab
280 3327 469 3390 extensione
481 3323 581 3385 simul
600 3342 637 3386 ae
651 3325 680 3384 vi
696 3324 869 3386 resistendi
883 3327 1035 3407 motilitas
1055 3341 1085 3392 et
1098 3328 1234 3406 loeoltos
1247 3351 1307 3394 nto

222 3428 289 3490 tritt
304 3444 357 3507 per
380 3423 559 3503 impetrent.
577 3420 668 3483 ldem
685 3422 864 3485 dicendum
879 3423 920 3484 de
934 3425 1101 3507 plerisque
1114 3429 1307 3509 penerolibnt

221 3522 460 3608 proprietatibus
475 3518 568 3601 (138),
586 3519 713 3581 viribus
728 3521 904 3583 attractiris
919 3538 956 3584 ae
968 3523 1140 3604 repulsivls
1153 3530 1307 3610 exeeptis.

265 3622 297 3684 2⁰
319 3618 488 3686 ilesultare
503 3616 646 3679 dicimus
661 3617 767 3698 ottqoo
790 3619 909 3680 actione
926 3621 1030 3700 posito
1049 3641 1101 3685 eas
1123 3625 1306 3706 qualitates,
1348 3689 1351 3702 ,

222 3739 306 3805 quas
334 3736 454 3799 eorpus
483 3716 651 3798 possidere
673 3716 791 3797 ineipit
813 3734 879 3780 non
902 3718 931 3780 vi
955 3721 1063 3783 solum
1084 3725 1308 3789 essentialium

224 3814 541 3905 proprietatnm,sed
557 3830 713 3898 praeterea
727 3833 766 3878 eo
782 3820 870 3898 qnod
888 3819 1079 3884 immutatur
1092 3825 1234 3901 partium
1246 3842 1309 3890 nu-

225 3938 346 3991 merus,
366 3917 414 3980 vel
438 3917 581 3998 partium
597 3918 690 3992 situs,
707 3919 755 3979 vel
772 3928 873 3981 status
889 3920 1049 4000 corporis,
1065 3923 1225 3988 activitate
1241 3926 1308 3988 sire

224 4018 353 4079 interna
368 4016 517 4095 eorporis
533 4016 621 4096 quod
635 4024 792 4091 mutatur,
812 4017 879 4079 sive
894 4025 1038 4082 externa.
