2792 4600
166 347 235 413 928
619 375 808 422 cosuotosn.

173 483 332 565 lususque
343 486 518 551 verborum
529 490 982 570 quibuseademiunituntur,
997 490 1171 572 dequibus
1185 506 1259 570 par·

173 582 234 643 tim
256 584 322 661 jam
350 585 493 650 diximus
509 588 555 667 (L.
582 588 666 668 oto),
695 590 814 670 partim
839 590 906 653 alio
922 589 995 653 loco
1024 589 1194 653 dicemus:
1223 604 1259 648 ea

172 697 264 742 nuuc
278 686 506 748 tantummodo
521 686 663 750 breviter
678 689 905 769 perstringam,
921 705 994 769 quae
1008 688 1048 750 ad
1066 694 1259 769 praesentem

169 783 430 845 controversiam
446 784 581 848 faciunt.

213 878 267 970 dd.
291 877 579 946 Contra'llautium
595 884 657 945 tria
680 886 748 947 haec
763 896 891 948 notasse
907 885 1036 949 sufficit.

216 976 248 1038 1⁰
271 980 351 1044 llum
377 998 564 1062 supponere
579 984 644 1045 vim
658 984 856 1063 repulsivam
872 983 1056 1048 necessario
1071 983 1105 1046 in
1121 998 1260 1061 corpore

171 1078 316 1158 concipi.
331 1081 430 1161 Atqui
445 1082 491 1143 vis
504 1082 666 1162 repulsiva
685 1101 742 1164 per
753 1102 787 1146 se
803 1085 837 1145 iu
853 1084 1003 1164 corporis
1018 1090 1177 1163 conceptu
1192 1098 1258 1144 nou

172 1178 347 1256 reperitur,
364 1179 419 1240 sed
435 1178 543 1242 solum
560 1181 606 1242 vis
619 1181 812 1258 resistendi3
829 1200 901 1261 quae
914 1182 1048 1263 quidem
1061 1181 1128 1243 duo
1142 1198 1258 1261 perpe·

172 1290 242 1336 ram
260 1276 356 1338 simul
373 1277 633 1342 contunduntur.
647 1280 703 1341 Vis
719 1281 807 1342 enim
824 1281 987 1361 repulsiva
1003 1286 1051 1342 est
1063 1280 1110 1340 vis
1126 1278 1257 1352 matrix,

121 1367 125 1376 '
170 1388 238 1453 qua
258 1391 377 1454 corpus
404 1376 581 1456 impactum
607 1395 727 1458 corpus
757 1378 931 1460 impellens
954 1379 987 1439 in
1009 1378 1207 1441 contrariam
1228 1377 1257 1436 ei

168 1488 235 1548 qua
262 1483 401 1546 venerat,
429 1474 645 1537 directionem
671 1476 814 1555 repellit.
833 1476 906 1538 llaec
932 1486 1039 1539 autem
1058 1477 1106 1537 vis
1123 1477 1256 1550 motrix,

170 1587 359 1651 quanquam
377 1591 394 1633 a
409 1574 438 1634 vi
456 1573 628 1636 resistendi
645 1576 801 1651 dimanet,
820 1585 946 1639 nonest
961 1584 1069 1637 tamen
1083 1574 1171 1636 idem
1184 1592 1258 1637 cum

168 1667 239 1742 illu,
257 1686 316 1731 nec
331 1682 491 1751 conceptu
510 1690 569 1734 nec
585 1692 630 1735 re.

212 1769 246 1830 2⁰
261 1769 390 1832 Falsum
406 1781 465 1843 est,
482 1789 602 1853 corpus
616 1772 830 1852 primitivum,
848 1770 936 1852 quod
953 1779 1000 1835 est
1016 1788 1136 1851 corpus
1151 1771 1258 1833 couti-

170 1882 287 1942 nunm,
310 1868 339 1931 vi
358 1870 521 1949 repulsiva
543 1872 629 1931 inter
644 1872 714 1951 ejus
731 1882 838 1952 partes
853 1882 977 1933 exserta
992 1870 1160 1933 constitui.
1176 1871 1257 1935 Nam

171 1984 239 2028 non
258 1967 356 2030 modo
372 1969 419 2029 vis
436 1970 610 2049 repulsiva,
632 1972 687 2032 sed
713 1989 772 2033 nec
788 1970 961 2033 resistendi
978 1972 1025 2033 vis
1044 1970 1129 2032 inter
1151 1970 1257 2033 conti·

172 2065 230 2127 nui
256 2076 361 2145 partes
389 2068 520 2147 concipi
547 2078 668 2149 potest;
698 2071 732 2131 in
760 2070 918 2133 continuo
947 2072 1036 2132 enim
1058 2069 1157 2142 nullae
1183 2078 1259 2132 sunt

172 2164 316 2225 actuales
332 2174 451 2244 partes,
469 2183 542 2245 quae
558 2166 620 2228 sibi
639 2168 779 2230 invicem
792 2167 942 2230 resistere
956 2167 1093 2248 possint.

214 2265 249 2326 5⁰
273 2263 419 2345 [lenique
435 2263 518 2328 vires
534 2266 688 2329 motrices
704 2268 878 2330 attractivae
904 2276 935 2330 et
950 2266 1121 2348 repulsivae
1136 2284 1260 2357 suppo·

173 2371 258 2426 nunt
271 2364 378 2442 primo
389 2362 553 2444 subjectum
566 2366 599 2427 in
613 2386 679 2446 quo
692 2367 769 2443 sint,
787 2376 818 2430 et
830 2386 845 2428 a
858 2385 923 2448 quo
937 2378 1126 2444 exerantur3
1140 2366 1261 2429 deiude

171 2461 319 2544 objectum
332 2462 419 2542 quod
433 2465 596 2525 attrahant
611 2466 819 2545 repellantve.
833 2465 929 2546 Atqui
946 2464 1128 2544 subjectum
1144 2466 1260 2528 harum
1321 2517 1324 2521 .

172 2563 294 2623 virium
310 2571 357 2622 est
373 2578 514 2640 corpus:
532 2565 744 2643 corpus'ttem
761 2571 808 2626 est
823 2564 987 2642 objectum
1003 2564 1092 2644 quod
1111 2565 1160 2626 lrae
1176 2563 1261 2626 vires

171 2660 341 2720 attrahunt
362 2676 400 2719 ac
425 2659 599 2739 repeliunt.
625 2660 729 2740 igitur
754 2671 818 2723 tam
840 2664 889 2724 hae
909 2662 1006 2732 vires,
1030 2678 1127 2742 quam
1148 2678 1261 2724 earum

173 2767 265 2822 actus
281 2776 401 2839 corpus
416 2772 615 2840 supponunt,
633 2780 701 2823 non
716 2762 930 2827 constituunt.
943 2761 1014 2826 Nou
1030 2763 1169 2842 explicat
1184 2779 1261 2842 ergo
1326 2748 1330 2756 ’

173 2859 310 2925 llantius
322 2858 403 2938 quid
419 2858 461 2919 sit
473 2875 604 2939 corpus,
622 2877 663 2922 ne
675 2878 796 2941 corpus
808 2859 943 2941 quidem
960 2858 1259 2941 phaenomenicum.
1310 2859 1315 2865 ’

216 2959 268 3021 57.
283 2956 411 3036 Reliqui
429 2957 485 3038 qui
502 2976 519 3017 a
535 2956 643 3045 llautii
662 2958 796 3038 quidem
810 2958 982 3020 idealismo
998 2957 1175 3033 declinant,
1192 2950 1260 3038 ojus

173 3065 283 3118 tamen
301 3054 464 3136 principia
477 3054 805 3135 amplectunturlidl,
820 3055 935 3118 iisdem
952 3056 1151 3135 argumentis
1167 3055 1262 3119 refel-

172 3155 309 3218 luntur.⁴
328 3155 446 3234 Ecquis
471 3161 624 3234 praeterea
649 3172 716 3216 non
742 3153 859 3227 videat,
883 3171 981 3234 quam
1005 3153 1183 3217 absurdum
1205 3157 1258 3231 sit,

172 3253 388 3316 substantiam
416 3269 608 3330 corpoream
635 3270 705 3314 esse
730 3253 796 3314 vim
821 3253 1035 3334 compositam
1067 3270 1105 3314 ex
1132 3252 1259 3315 duabus

171 3350 360 3424 contrariis,
378 3366 450 3429 quae
466 3367 500 3409 se
523 3348 662 3412 invicem
678 3350 870 3413 destruunt?

171 3449 268 3532 aas.
292 3450 403 3529 Neque
418 3447 602 3510 absurditas
618 3449 687 3510 haec
709 3466 769 3530 per
794 3448 1027 3530 pantheisticas
1043 3448 1084 3509 de
1098 3448 1260 3528 oppositis

173 3548 320 3614 theorias
336 3546 474 3622 tollitur,
491 3554 546 3608 aut
563 3546 736 3609 minuitur.

193 3682 194 3686 =
215 3649 296 3712 Nam
328 3647 359 3707 l·
374 3644 508 3707 Etiamsi
525 3644 743 3708 concedamus
757 3652 935 3724 conceptus
962 3643 1131 3725 oppositos
1156 3663 1192 3707 sc
1210 3645 1262 3708 iu·
1329 3687 1332 3691 -

172 3749 279 3810 vicem
295 3743 472 3824 postulare,
489 3759 556 3805 nou
570 3742 695 3804 idcirco
711 3741 753 3804 de
768 3741 866 3804 rebus
879 3751 915 3803 ut
928 3754 1004 3802 suut
1021 3741 1055 3802 in
1068 3759 1103 3804 se
1115 3740 1261 3821 idipsum

171 3847 239 3908 dici
258 3851 373 3925 potest.
391 3842 470 3916 Quis
487 3841 555 3903 imo
577 3841 718 3921 probare
744 3840 878 3921 poterit,
903 3855 1006 3901 unum
1032 3841 1262 3921 oppositorum

170 3945 202 4009 si
219 3939 492 4021 existat,latterius
508 3939 711 4001 existentiam
734 3954 845 4000 secum
868 3936 973 3999 terret
987 3935 1067 4009 Quis
1089 3935 1180 3999 dabit
1198 3955 1262 4001 uu·

159 4058 285 4124 quam,
302 4039 445 4120 quietem
459 4036 531 4099 siue
542 4045 634 4101 motu
646 4037 827 4100 consistere
838 4051 907 4101 non
920 4052 1026 4117 possa,
1039 4044 1095 4099 aut
1111 4036 1174 4100 hoc
1188 4036 1262 4117 ipso
