2792 4600
178 323 218 384 40
630 318 812 391 cunctosne}

178 449 367 533 dependens
382 457 440 511 est.
459 447 522 511 Sed
540 448 603 511 hoc
618 447 728 510 dicere
743 445 844 508 nefas.
863 444 948 508 Deus
964 446 1053 508 enim
1070 448 1186 527 nequit
1199 464 1270 510 esse

179 549 365 632 dependens
381 567 400 610 a
416 565 532 611 norma
548 547 612 609 sibi
629 546 826 608 extrinseca.

218 649 314 726 Resp.
333 645 411 709 ont.
424 644 500 725 utoj.
518 647 686 725 Tanquam
710 663 728 705 a
745 661 859 706 norma
874 643 938 704 sibi
956 644 1145 718 intrinseca,
1162 660 1282 718 cortes

177 745 355 809 extrinseca
374 745 450 818 sibi,
464 763 552 825 nepo.
572 742 864 815 contrasteterit,
882 750 1009 804 etccac.
1026 751 1089 804 rot.
1103 744 1177 806 add.
1191 745 1269 809 Om-

178 843 230 905 nis
244 844 445 924 possibilitas
457 842 614 904 fundatur
627 842 660 903 in
675 841 785 903 divina
799 842 951 915 essentia,
966 843 1075 921 prouti
1089 843 1127 904 ab
1140 831 1271 905 intelle·

178 952 234 1006 ctu
251 943 363 1006 divino
379 940 684 1022 comprehenditur,
703 941 748 1002 uti
767 958 841 1002 mox
863 940 1116 1004 declarabimus.
1134 942 1206 1004 Non
1223 952 1272 1004 est

181 1059 258 1123 ergo
275 1058 390 1105 norma
406 1041 473 1103 Deo
489 1038 685 1102 extrinseca.
1346 1031 1348 1035 ’

619 1189 785 1235 lnrtdutus
807 1191 837 1234 V.

400 1302 414 1331 *
439 1303 522 1366 Unde
536 1305 574 1363 sit
586 1301 782 1385 possibilium
797 1252 1041 1381 intelligibilitas.

225 1437 275 1500 81.
301 1435 463 1508 Quaeritur
485 1453 574 1497 nunc
598 1434 686 1495 unde
715 1433 897 1513 possibilia,
914 1452 987 1513 quae
1011 1443 1139 1496 aeternae
1159 1438 1273 1516 cogui-

184 1537 284 1600 tionis
299 1534 460 1596 terminus
477 1533 619 1596 existunt
635 1532 710 1609 (70),
728 1545 882 1592 aeternam
904 1549 995 1594 suam
1020 1532 1160 1595 habeant
1176 1535 1274 1598 intel-

183 1634 408 1716 ligibilitatem
425 1651 434 1694 :
449 1633 602 1694 videlicet
616 1641 727 1692 utrum
751 1632 784 1690 in
802 1630 865 1693 hoc
880 1630 952 1710 ipso
968 1632 1055 1711 quod
1073 1634 1275 1714 metaphysi-

184 1752 256 1797 cam
273 1733 449 1814 quamdam
463 1740 562 1812 atque
588 1731 834 1811 intelligibilem
860 1732 1039 1793 realitatem
1062 1734 1182 1797 habent
1197 1735 1272 1815 (68),

185 1833 253 1894 sint
267 1849 285 1892 a
303 1832 368 1893 [leo
383 1829 650 1911 independentia,
667 1847 708 1890 an
724 1847 829 1892 secus.
844 1829 1020 1901 Quaestioni
1037 1834 1114 1895 satis
1130 1833 1208 1897 lacit
1223 1853 1274 1898 se·

188 1948 293 2011 quens
361 1961 365 1967 ·
708 1974 711 1980 -

228 2028 408 2091 Pnonostrto
423 2025 506 2089 Vlll.
525 2026 634 2089 Omnis
646 2027 841 2106 possibilium
864 2028 1100 2108 iutellipt'btlr'toa
1122 2050 1143 2092 a
1167 2033 1276 2095 diuino

185 2128 314 2189 erientia
328 2116 482 2206 dependet,
498 2136 649 2206 quotenus
668 2126 732 2186 tec
756 2126 857 2187 divini
870 2126 1038 2188 intellectas
1059 2128 1206 2208 objectam
1220 2138 1274 2193 est.

227 2225 280 2290 85.
305 2227 375 2288 Duo
393 2223 620 2305 premittenda
636 2223 675 2285 ad
689 2224 879 2285 assertionis
898 2224 1160 2305 intelligentiam.

214 2403 217 2411 ¹
228 2324 261 2386 1⁰
270 2329 371 2389 Deum
381 2322 553 2403 possibilia
565 2340 634 2385 non
644 2340 842 2402 cognoscere
850 2324 1069 2387 abstrahendo
1082 2344 1184 2388 unum
1197 2344 1277 2391 con·

167 2477 173 2487 .
187 2434 318 2505 ceptum
335 2421 376 2484 ab
392 2421 470 2495 alio,
484 2431 539 2482 aut
555 2421 666 2500 plures
679 2430 858 2501 conceptus
870 2424 1111 2503 componendo,
1123 2426 1276 2487 autaliud

114 2525 119 2534 '
188 2542 227 2584 ex
242 2522 307 2584 alio
323 2520 553 2583 concludendo
571 2536 579 2582 :
598 2518 654 2580 Dei
681 2520 770 2580 enim
799 2521 943 2599 cognitio
960 2539 1019 2584 nec
1034 2524 1214 2585 successiva
1229 2534 1278 2587 est

187 2638 249 2694 nec
264 2617 493 2699 perfectibilis.
511 2616 685 2696 Cognoscit
701 2617 800 2697 igitur
825 2618 997 2697 possibilia
1019 2637 1077 2699 per
1091 2623 1276 2701 simplicem

187 2716 451 2795 intelligentiam,
469 2732 533 2794 qua
549 2731 660 2776 rerum
686 2717 834 2777 omnium
862 2717 1019 2779 essentias
1040 2718 1278 2798 perfectissime
1295 2737 1299 2746 ’

188 2798 452 2896 comprehendit.
470 2814 555 2875 lleus
571 2813 673 2890 enim,
691 2815 747 2893 qui
767 2832 877 2876 rerum
891 2817 1046 2878 essentias
1058 2820 1277 2898 comprehen-

188 2913 427 2992 siveintelligit
442 2912 489 2989 tt.
505 2910 569 2989 48),
587 2913 755 2991 cognoscit
767 2932 972 2994 quaecuuque
985 2914 1026 2975 iis
1038 2916 1187 2980 accidere
1203 2936 1279 2997 pos·

186 3001 275 3089 sunt,
293 3027 408 3076 omnes
425 3011 574 3073 videlicet
595 3010 807 3091 perfeetionis
826 3012 959 3090 gradus,
976 3030 1157 3094 omnesque
1172 3015 1279 3078 deter-

187 3111 385 3174 minationes
398 3129 436 3172 ae
449 3110 634 3185 relationes,
649 3127 788 3190 quarum
803 3127 1008 3190 unaquaeque
1023 3115 1163 3174 essentia
1178 3131 1280 3194 capax

186 3219 245 3274 est.
263 3210 319 3271 ilis
335 3219 443 3272 autem
459 3210 571 3288 omnia
588 3210 761 3290 possibilia
777 3210 1001 3272 continentur.

91 3299 93 3304 ’
228 3307 261 3370 2⁰
277 3308 446 3382 Quomodo
462 3317 570 3371 autern
587 3307 849 3388 uniuscujusque
864 3307 911 3368 rei
925 3310 1097 3371 essentiam
1114 3309 1280 3391 intelligat

188 3408 284 3481 Deus,
301 3406 481 3468 clarissime
509 3387 651 3487 explicat
671 3405 705 3469 S.
728 3405 870 3469 Thomas
893 3409 941 3484 (1),
959 3405 1115 3487 inquiens
1133 3425 1141 3471 :
1162 3432 1176 3465 ι
1194 3409 1279 3471 Deus

189 3526 204 3563 a
230 3503 403 3577 essentiam
419 3520 511 3564 suam
527 3504 668 3584 perfecte
688 3495 879 3583 cognoscit:
898 3503 985 3566 uude
1004 3506 1180 3584 vcognoscit
1207 3525 1279 3569 eam

189 3623 205 3660 a
229 3600 410 3664 secundum
433 3618 565 3663 omnem
593 3601 743 3677 modum,
761 3620 827 3681 quo
843 3602 1077 3682 cognoscibilis
1093 3611 1153 3666 est.
1170 3603 1282 3667 Potest

189 3724 204 3761 u
229 3713 337 3764 autem
353 3701 506 3781 cognosci
529 3718 595 3763 non
617 3702 725 3764 solum
741 3702 923 3764 secundum
937 3702 1026 3782 quod
1045 3703 1077 3763 in
1094 3721 1129 3764 se
1146 3712 1205 3778 est,
1222 3706 1279 3765 sed

191 3822 205 3859 s
231 3799 412 3863 secundum
428 3798 518 3879 quod
534 3808 581 3860 est
597 3799 838 3880 participabilis
851 3802 1032 3862 secundum
1046 3801 1190 3880 aliquem
1208 3818 1279 3865 mc·

190 3921 204 3955 a
230 3898 309 3960 dum
324 3896 555 3959 similitudinis
566 3915 584 3958 a
597 3897 767 3961 creaturis.
782 3897 992 3979 Unaquaeque
1007 3908 1115 3961 autern
1131 3909 1280 3962 creatura

217 4012 250 4066 (1)
259 4010 438 4058 Summatlteol.
449 4010 471 4057 1.
484 4025 507 4070 p.
517 4023 542 4070 q.
553 4012 604 4059 xv.
615 4024 637 4059 a·
654 4012 686 4061 ll.
704 4012 740 4060 cl·
751 4024 849 4071 quoque
869 4011 893 4058 in
914 4003 999 4059 eadent
1008 4015 1030 4060 1.
1047 4007 1071 4073 p‘.
1081 4026 1105 4072 q·
1119 4013 1173 4062 xlv
1183 4029 1190 4060 ε
1202 4027 1225 4061 a.
1238 4014 1279 4062 lll.
