2792 4600
438 373 525 418 nnrnn
547 371 668 429 natura,
692 371 784 417 carur
806 372 839 416 11.
997 332 1001 338 ’
1136 350 1197 415 223

113 493 204 558 etiam
247 488 483 568 sapientissimi
521 489 630 568 aliqua
674 487 860 568 ignorantia
897 486 1116 549 laboraverint
1159 485 1196 552 in

114 591 162 654 ‘his
194 587 374 669 praesertim
407 579 505 649 rebus
528 606 600 667 quse
633 589 704 649 sine
738 587 851 649 multis
883 586 1115 667 experimentis
1138 585 1194 648 de·

114 687 195 753 finiri
218 696 397 767 nequeunt,
415 704 520 767 eoque
542 695 689 766 tempore
705 704 771 770 quo
793 684 936 747 chimica
950 682 1086 746 scientia
1101 682 1193 745 nulla

113 795 187 853 erat.
532 783 534 787 ’

151 886 261 949 Dicam
285 883 327 946 δα
340 893 464 947 veteres
480 884 555 947 illos
572 885 659 960 lnam
675 883 716 946 de
731 879 1007 963 subsequentibus
1024 880 1191 961 disputare
1268 920 1270 922 >

99 985 194 1071 (nolo)
212 1000 249 1045 ac
261 982 294 1046 S.
312 982 469 1045 Thomam
487 983 680 1062 praesertim,
697 1000 771 1044 cum
787 999 826 1044 eo
840 980 936 1042 unice
947 988 1141 1058 spectarent,
1158 987 1195 1041 ut

108 1101 230 1149 ‚sacram
245 1080 427 1145 doctrinam
444 1082 647 1145 iliustrarent
663 1099 722 1162 pro
735 1079 858 1143 viribus
871 1098 907 1139 ac
921 1086 1101 1156 tuerentur,
1115 1075 1196 1158 phy·

112 1185 211 1248 sicum
235 1182 299 1244 hoc
321 1190 458 1263 systema
480 1200 498 1243 a
520 1181 667 1244 saeculari
697 1179 834 1243 scientia
867 1177 1040 1257 recepisse,
1065 1187 1096 1239 et
1118 1176 1197 1257 quia

112 1277 327 1346 communiter
349 1278 550 1359 probabatur
573 1278 740 1360 probasse,
760 1295 866 1357 neque
885 1275 924 1337 ad
942 1275 1032 1338 aliud
1048 1274 1196 1336 animum

93 1409 97 1416 ·
112 1377 299 1452 intendisse,
317 1375 381 1437 nisi
398 1387 433 1438 ut
448 1375 532 1438 illud
548 1376 588 1438 ab
603 1376 773 1439 erroribus
785 1375 993 1438 ethnicorum
1008 1383 1196 1456 purgarent,

111 1487 228 1541 etcum
245 1475 433 1538 christianae
449 1475 524 1538 fidei
540 1475 749 1557 dogmatibus
771 1476 875 1538 amice
891 1474 1118 1538 conciliarent.
1135 1474 1198 1537 Ne·

110 1574 228 1659 quein
253 1575 316 1637 boc
337 1592 414 1637 sane
438 1574 665 1655 imprudenter
687 1594 793 1655 egere,
809 1575 876 1637 imo
899 1575 1086 1654 exemplum
1102 1574 1199 1637 nobis

110 1673 237 1748 dedere,
256 1681 293 1735 ut
307 1670 347 1733 ab
364 1673 405 1733 iis
420 1690 493 1753 quae
510 1673 655 1735 unanimi
683 1673 822 1752 alicuius
843 1672 988 1734 scientie
1003 1671 1197 1753 professori-

112 1774 168 1836 bus
183 1789 347 1835 consensu
363 1779 492 1853 recepta
507 1780 594 1845 sunt,
611 1780 733 1833 temere
746 1790 812 1834 non
828 1770 1046 1834 discedamus.
1061 1770 1094 1834 S.
1111 1772 1198 1833 Tho·

112 1868 214 1933 massi
228 1868 460 1943 nuncviveret,
475 1870 621 1951 proiecto
636 1870 868 1950 peripateticus
881 1886 947 1932 non
961 1879 1055 1932 esset.
1073 1868 1196 1931 Vellem

110 1968 261 2049 equidem
297 1986 412 2030 omnes
445 1968 625 2032 catholicos
653 1969 804 2031 doctores
828 1968 880 2029 his
904 1970 936 2029 in
960 1965 1200 2049 quaestionibus

112 2076 250 2131 mentem
268 2068 377 2148 potius
392 2068 637 2149 consiliumque
652 2067 685 2130 S.
712 2070 845 2131 Thomae
861 2068 967 2148 sequi,
984 2085 1082 2148 quam
1099 2075 1134 2128 ut
1156 2066 1198 2128 iis

109 2166 249 2246 vestigiis
266 2185 339 2247 quae
355 2166 389 2228 in
404 2167 512 2229 aliena
526 2166 577 2228 via
594 2166 663 2247 ipse
675 2167 822 2248 reliquit,
838 2166 1049 2247 pertinaciter
1060 2165 1199 2228 inlraere-

110 2276 190 2330 rent.
460 2272 462 2278 '

146 2365 224 2438 Quae
253 2364 409 2446 deinceps
435 2363 530 2427 allata
560 2363 905 2446 suutaperipatetic'is
932 2369 1133 2443 argumenta,
1162 2369 1199 2437 ut

107 2476 219 2531 contra
236 2468 443 2555 insurgentes
459 2469 626 2530 atomistas
641 2485 675 2528 se
692 2466 905 2529 defenderent
921 2466 1074 2544 ipsosque
1092 2462 1201 2542 impu·
1240 2532 1256 2559 ·

107 2577 255 2647 gnorent,
274 2566 358 2628 intra
376 2566 479 2630 fusius
495 2565 728 2648 expendemus.
1226 2638 1233 2680 ί

540 2746 704 2811 arricutus
726 2747 760 2810 u.

282 2894 442 2975 neferretur
455 2903 586 2977 systeom
600 2895 811 2958 elementorum
823 2893 1019 2975 simplicium.

144 3045 197 3109 tr.
222 3044 407 3108 Pnorosrrro
429 3045 470 3108 ll.
493 3045 709 3108 minuitatem
729 3045 896 3106 monadum
925 3044 1043 3106 theoria
1067 3043 1200 3106 arbitro-

104 3144 414 3207 ricestetabsurdm
1092 3194 1094 3196 v

144 3242 181 3304 ln
205 3243 262 3304 his
279 3226 406 3305 duabirs
421 3240 657 3304 assertionibus
673 3239 908 3303 confirmandis
922 3241 1063 3302 muttum
1079 3238 1195 3301 immo·

104 3343 167 3403 rari
185 3352 406 3404 necessenon
419 3348 477 3403 est.
491 3339 584 3416 Nam,
597 3341 684 3420 quod
699 3340 739 3401 ad
753 3340 892 3421 primam
905 3339 1030 3414 attinet,
1045 3337 1120 3418 quis
1132 3355 1198 3401 non

104 3437 221 3515 videat,
241 3440 316 3502 sine
332 3440 459 3502 ratione
470 3456 488 3500 a
501 3438 681 3502 Leibnitzio
697 3437 808 3517 negari
826 3454 974 3512 vacuum,
992 3455 1029 3499 ac
1041 3436 1198 3499 monades

103 3553 219 3600 omnes
243 3539 333 3600 inter
354 3558 388 3601 se
410 3528 591 3601 dissimiles
613 3539 779 3619 confingi?
795 3537 873 3610 Quis
896 3540 959 3601 sibi
984 3539 1140 3602 inducere
1164 3540 1198 3601 in

104 3637 255 3699 animum
272 3637 394 3716 poterit
408 3655 546 3717 corpora
564 3636 749 3712 exanimis,
768 3639 834 3700 imo
849 3658 885 3700 er
910 3639 1001 3735 puris
1017 3638 1199 3700 coalescere

104 3735 302 3813 spiritibus?
317 3734 460 3816 Spiritus
475 3737 562 3798 enirn
579 3746 627 3798 est
642 3737 824 3816 subjectum
838 3739 982 3816 cogitans
997 3738 1068 3798 sine
1081 3753 1199 3816 corpo·

51 3908 54 3916 Ι
105 3833 150 3895 ris
171 3835 379 3916 adjumento,
405 3836 683 3917 quemadmodum
706 3836 850 3916 cogitant
873 3837 1034 3907 monades¹
1051 3836 1199 3915 germani

107 3933 316 4017 philosophi.
332 3936 390 3999 Cui
403 3953 479 3999 vero
492 3935 612 4017 poterit
624 3935 761 3998 suadere
774 3936 984 4011 Leibnitzius,
998 3935 1113 3999 esseio
1127 3951 1202 3998 cor·

107 4032 195 4112 poris
211 4033 389 4098 elementis
405 4033 549 4098 actiones
566 4034 639 4095 illas
655 4033 811 4110 internas,
828 4052 909 4116 quas
924 4034 1016 4098 uuila
1029 4033 1202 4117 experien-
