2792 4600
418 370 504 416 nrnnn
525 369 647 430 eninm,
670 370 762 417 aanor
783 372 823 417 rr.
859 399 862 406 -
1100 362 1164 425 269

89 499 251 576 propterea
266 487 306 548 ad
322 484 550 568 crystallorum
566 484 727 565 genesim,
743 503 894 549 arcanam
912 488 996 551 banc
1010 490 1164 559 virtutem

89 590 264 655 nullatenus
283 584 422 666 requiri.

128 687 194 749 155.
217 684 251 748 Si
266 675 300 745 il
317 682 416 746 modo
432 679 647 760 intelligatur,
674 703 679 708 ·

125 790 153 864 c)
175 782 359 846 inauditum
379 788 427 844 est
449 778 570 844 formas
593 778 735 860 partium
754 781 874 861 expelli
890 799 909 844 a
928 783 1032 848 forma
1053 789 1167 868 totius,

90 902 156 968 qnae
176 881 257 962 ipsis
278 882 479 959 homogenea
502 877 555 939 sit.
577 875 705 939 Formae
725 877 811 941 enirn
833 880 1041 961 expelluntur
1056 902 1073 945 a
1089 886 1168 950 sub·

88 987 178 1065 jecto,
200 979 291 1061 juxta
317 978 558 1059 peripateticos,
577 983 614 1037 ut
636 975 747 1038 locum
768 975 848 1039 dent
869 979 981 1042 iormae
1002 982 1101 1045 alicui
1120 984 1172 1047 di-

91 1097 192 1155 rersae,
209 1094 277 1140 non
294 1084 330 1138 ut
345 1076 423 1136 deut
439 1074 548 1137 locum
565 1071 679 1136 lormae
693 1072 840 1151 ejusdem
856 1077 1015 1141 essentiae.

127 1173 248 1255 ll‘llaec
263 1171 369 1237 forma
384 1171 447 1234 erit
458 1171 597 1251 simplex
609 1179 641 1234 et
653 1172 725 1234 sine
738 1174 919 1252 quantitate
936 1176 1079 1255 formali,
1093 1181 1173 1261 quia
1193 1207 1212 1240 ο

27 1303 28 1306 “
92 1288 151 1341 tota
162 1284 208 1336 est
220 1273 256 1335 in
269 1270 408 1352 singulis
420 1268 562 1351 crystalli
578 1269 726 1351 partibus
739 1281 770 1332 et
782 1272 1003 1339 nihilominus
1016 1268 1078 1342 erit
1092 1274 1176 1343 divi

92 1374 203 1447 sibilis,
225 1382 262 1434 ut
280 1369 520 1451 supradictum
542 1380 589 1431 est
606 1370 691 1448 (lbi,
714 1372 759 1449 c);
780 1390 853 1452 quae
876 1375 942 1440 duo
958 1380 1114 1459 componi
1131 1381 1178 1443 si·

93 1472 160 1536 mul·
172 1487 238 1533 non
255 1479 405 1550 possunt.

129 1575 153 1651 cl
175 1568 336 1635 Educitur
351 1566 465 1630 eadem
480 1566 518 1627 ad
532 1555 769 1630 moleoularum
783 1579 980 1638 contactum.
998 1573 1102 1654 Aquo
1117 1596 1179 1641 au·

94 1682 151 1733 mm
166 1667 300 1748 egente?
313 1665 416 1728 Nemo
429 1665 492 1728 boc
506 1663 635 1727 adicere
651 1665 788 1745 poterit.

131 1768 199 1833 154.
222 1765 258 1828 Si
275 1765 408 1827 demum
425 1762 541 1826 tertius
556 1761 674 1827 modus
689 1770 886 1843 assumatur,
903 1766 966 1830 boc
981 1772 1106 1835 caeteris
1123 1775 1176 1837 in·

93 1865 277 1930 credibilior
300 1863 439 1926 videtur.
456 1859 536 1924 Nam

128 1969 156 2043 c)
176 1963 296 2027 Forma
308 1962 448 2025 atomica
462 1959 598 2042 ponitur
609 1959 754 2040 dirigere
765 1978 803 2023 ac
816 1964 979 2028 moderari
993 1971 1177 2035 attractivas

94 2067 182 2142 vires,
203 2064 243 2127 ad
266 2063 456 2145 crystallum
477 2079 542 2124 una
564 2080 639 2123 cum
658 2062 784 2123 caeteris
806 2063 1178 2131 moleculisefforman·

94 2166 172 2227 dam.
189 2161 261 2225 lam
276 2161 444 2224 attractiva
459 2160 518 2235 vis,
542 2178 607 2240 qua
628 2160 739 2241 aliqua
754 2162 915 2224 molecnla
931 2175 1089 2242 movetur,
1107 2187 1177 2234 non

95 2270 137 2326 est
147 2261 192 2324 vis
207 2259 381 2324 moleculae
396 2264 550 2334 attractae,
566 2256 622 2320 sed
638 2256 779 2322 aliarum
791 2258 1039 2328 molecularum.
1058 2265 1197 2332 Forma.

95 2367 192 2423 autem
205 2359 469 2438 uniuscuiusque
480 2355 651 2419 moleculae
663 2357 828 2419 moderari
841 2357 955 2439 utique
967 2364 1176 2441 poteritvim,

96 2476 151 2540 qua
166 2458 280 2520 eadem
300 2456 462 2520 molecula
484 2454 564 2517 alias
581 2455 692 2530 trahit,
717 2461 782 2546 non
799 2466 908 2520 antem
923 2459 1007 2521 vires
1024 2481 1087 2542 qua
1102 2465 1179 2528 aliae

95 2558 256 2620 moleculae
274 2557 378 2636 ipsam
401 2555 547 2616 trahunt.
564 2553 629 2616 Sed
649 2572 709 2634 ego
729 2554 896 2618 enimvero
918 2558 1041 2635 nescio,
1059 2561 1093 2624 in
1109 2582 1179 2644 quo

59 2680 64 2688 ·
96 2656 299 2719 moderamen
313 2654 377 2717 hoc
388 2652 531 2734 propriae
544 2651 747 2714 attractionis
759 2653 937 2717 consistere
951 2659 1064 2737 possit.
1079 2662 1180 2726 Forte

97 2755 125 2814 in
140 2771 174 2818 eo
190 2754 265 2828 erit,
283 2751 370 2833 quod
389 2751 504 2825 lorma,
522 2759 557 2812 ut
571 2750 679 2812 bonus
695 2752 819 2830 auriga,
836 2752 936 2814 modo
947 2758 1177 2824 attractionem

96 2853 297 2933 comprimat,
315 2850 414 2913 modo
430 2850 562 2924 relaxet,
581 2849 680 2911 modo
696 2849 737 2911 ad
756 2851 838 2911 ban‘c
854 2859 980 2930 partem
997 2869 1177 2937 convertat,

97 2951 250 3014 modoad
275 2950 378 3024 illam,
408 2949 517 3029 prouti
548 2947 582 3009 in
604 2946 703 3009 variis
729 2948 891 3027 adjunctis
920 2955 1061 3033 requirit
1088 2957 1179 3036 linis,

98 3067 206 3129 nempe
222 3047 367 3129 crystalli
384 3046 550 3109 formatio.
564 3044 642 3117 Quis
654 3060 763 3109 autem
778 3039 846 3109 baec
861 3050 948 3113 serio
962 3053 1105 3132 cogitare
1117 3075 1178 3137 po·

98 3148 183 3211 terit?
199 3148 274 3228 quis
291 3144 476 3208 invenietur
491 3143 548 3224 qui
565 3143 677 3207 formae
693 3144 853 3207 materiali
870 3148 936 3209 vim
955 3151 1038 3213 banc
1053 3152 1181 3216 discre-

99 3245 187 3308 tivam
200 3255 299 3327 atque
315 3242 552 3322 intelligentem
568 3240 745 3304 attribuat?

133 3341 159 3419 b)
179 3340 317 3404 Etiamsi
329 3357 535 3420 unaquaeque
549 3338 652 3401 forma
663 3338 728 3400 vim
742 3343 808 3400 suae
820 3342 990 3405 moleculae
1006 3345 1068 3409 boc
1084 3363 1183 3429 pacto

99 3440 254 3503 moderari
273 3449 393 3521 posset,
410 3454 476 3500 non
490 3436 695 3500 obtineretur
710 3437 854 3513 effectus,
870 3441 933 3502 nisi
949 3442 1063 3507 lormae
1075 3447 1183 3510 mole·
1266 3502 1269 3507 ,

99 3537 240 3600 cularum
254 3536 404 3600 omnium
418 3534 503 3596 inter
518 3553 552 3596 se
564 3535 804 3614 conspirarent,
820 3538 960 3601 maxime
976 3541 1010 3601 in
1024 3544 1186 3622 crystalli·

100 3634 229 3698 rationis
257 3635 366 3709 initio,
390 3641 421 3696 et
447 3629 687 3714 propemodum
708 3653 747 3696 ex
769 3636 924 3699 condicto
952 3652 1184 3720 operarentur.

101 3736 162 3799 lloc
176 3754 311 3817 quoque
325 3734 401 3822 quis
417 3733 529 3817 dabit?

136 3838 161 3913 c)
182 3834 308 3898 Formae
327 3834 397 3896 istra
419 3832 504 3894 vires
519 3826 881 3896 attractivas'modcrari
900 3834 1057 3899 dicuntur
1078 3837 1132 3912 ita,
1149 3842 1188 3903 ut

102 3932 238 4013 crystalli
257 3931 360 4013 ligura
376 3930 511 4012 prodeat
533 3946 645 3991 earnm
667 3936 790 3992 naturae
810 3934 1079 4011 proportionata.
1095 3933 1135 3997 At
1157 3937 1187 3999 si

105 4031 297 4110 prescindas
313 4049 330 4092 a
347 4028 449 4110 ligura
464 4027 714 4102 molecularum,
732 4037 794 4091 eta
811 4031 1058 4095 conditionibus
1074 4033 1189 4113 requi-
