2792 4600
149 222 212 286 454
618 240 789 288 onronocn.

631 317 637 341 l

148 377 208 420 seu
223 356 582 437 copsmotilltatlsouae
591 358 723 438 partitio
736 375 810 420 eum
823 358 898 420 trita
911 357 1151 438 principiorum
1162 376 1243 438 par·

148 457 267 520 titione
281 455 448 534 conspirat
461 454 554 533 (454).
564 456 618 519 Est
631 456 719 518 enim
738 455 940 535 principium
954 456 985 517 id
1003 454 1090 518 unde
1106 456 1239 536 aliquid

148 560 210 626 est,
228 559 283 613 aut
298 551 345 626 lit,
362 562 417 613 aut
437 553 658 631 cognoscitur.
675 554 730 617 Est
746 562 854 615 tamen
870 553 1048 616 discrimen
1066 555 1204 616 rationis
1219 573 1242 617 a

148 649 330 734 principio.
362 649 567 731 Principium
598 654 687 713 enim
705 652 846 731 estquod
862 652 1051 713 cantuset-rei
1071 653 1238 715 rationem.

148 749 244 812 Ratio
259 758 368 810 autem
398 747 432 808 in
450 748 616 829 principio
631 758 783 811 contenta
799 756 847 810 cst
862 749 896 811 id
909 769 968 830 quo
980 750 1171 830 principium
1185 751 1241 813 eui

143 848 331 931 principiali
345 865 404 907 csse
418 847 607 928 principium
622 847 818 928 intellipitur.

188 946 263 1010 644.
281 944 374 1007 Ratio
405 962 504 1024 porro
530 945 678 1006 essentiae
701 943 868 1008 invenitur
880 946 914 1007 in
932 944 1106 1026 principiis
1122 945 1170 1007 rei
1183 946 1237 1007 in·

147 1044 311 1135 trinsecis.
330 1045 475 1125 Quisque
504 1044 592 1106 ridet
607 1062 660 1106 eas
676 1044 886 1107 solummodo
901 1045 1057 1108 essentias
1071 1042 1236 1107 rationem

146 1143 200 1206 sui
215 1143 335 1204 habere
347 1143 381 1204 in
394 1143 471 1217 alio,
486 1160 558 1222 quae
570 1141 777 1223 expluribus
793 1141 969 1222 principiis
988 1153 1156 1205 constant·
1195 1210 1197 1213 ,

189 1243 284 1307 Ratio
306 1243 490 1305 'existentiae
516 1250 564 1302 est
593 1241 628 1303 in
658 1240 834 1322 principiis
851 1242 1053 1317 extrinsecis,
1071 1260 1143 1321 quse
1158 1249 1236 1304 sunt

146 1360 244 1405 causa
256 1340 399 1403 efficiens
415 1349 446 1402 et
461 1340 580 1413 finalis,
598 1347 629 1401 et
644 1339 831 1402 continetur
843 1340 1032 1404 causalitate
1048 1341 1234 1420 utriusque.

146 1440 276 1514 Quodsi
294 1457 351 1500 eus
368 1438 531 1519 principia
544 1439 725 1500 extrinseca
742 1457 806 1501 non
822 1439 1040 1515 habeat,ratio
1053 1438 1234 1501 existentiae

146 1540 182 1601 in
199 1537 271 1618 ipso
286 1547 360 1600 ente
376 1537 418 1598 sit
432 1546 572 1617 oportet.
1117 1599 1122 1604 ,

188 1636 283 1702 Ratio
299 1634 471 1697 evidentia¹
486 1644 534 1696 est
550 1635 583 1696 in
604 1635 781 1717 principiis
796 1635 1033 1715 cognoscendi,
1045 1654 1118 1716 quae
1133 1637 1168 1696 in
1179 1653 1233 1699 or·

144 1735 225 1797 dine
237 1734 344 1813 logico
371 1752 446 1795 cum
468 1734 536 1795 suis
552 1734 761 1815 principiatis
774 1744 1033 1811 connectuntur;
1051 1743 1144 1798 etesi
1160 1734 1232 1816 ipsa

145 1825 309 1896 connexio
324 1832 423 1895 unius
436 1831 580 1894 veritatis
595 1851 671 1895 cum
683 1834 807 1897 altera-*z
826 1835 895 1895 haec
909 1833 997 1896 enim
1011 1834 1172 1897 connexio
1188 1833 1232 1896 fa·

145 1931 203 2006 cit,
218 1942 253 1992 ut
268 1940 354 1992 certa
370 1930 480 2010 aliqua
496 1931 613 1992 veritas
628 1930 832 2011 principium
848 1931 976 1994 dicatur
991 1931 1085 2010 (454).

187 2029 260 2092 545.
287 2028 381 2091 Ratio
394 2027 474 2103 „alia
501 2028 736 2110 esttsuffirt'eus,
757 2028 819 2090 alia
847 2029 1044 2111 insufficiens.
1061 2028 1232 2106 Sufficiens
1257 2066 1260 2072 ,
1286 2069 1294 2072 <
1385 2056 1386 2067 ,

145 2136 195 2190 est
209 2126 301 2203 ratio,
329 2127 356 2189 si
388 2127 499 2189 omnia
526 2146 598 2208 quae
629 2128 663 2188 in
690 2129 852 2192 rationato
865 2140 941 2196 sunt
953 2148 1011 2211 per
1028 2129 1119 2191 illam
1135 2130 1231 2210 plene

145 2224 380 2310 inlelligantur.
398 2226 614 2303 lnsufficiens,
632 2227 739 2291 sinon
754 2229 874 2290 omnia.
1225 2256 1227 2261 ⁴

187 2326 295 2412 Facile
309 2325 483 2405 intelliges,
504 2330 665 2389 rationem
688 2326 903 2389 sufficientem
920 2327 988 2390 sire
1000 2327 1149 2390 essentiae
1163 2327 1230 2390 sive

144 2425 325 2488 existentiae
340 2426 407 2486 sive
432 2424 616 2499 evidentiae,
633 2445 704 2488 esse
715 2428 955 2489 connexionem
972 2426 1127 2506 principii
1155 2444 1229 2490 cum

144 2523 347 2606 principiam
364 2524 396 2584 in
412 2532 485 2585 actu
504 2524 650 2586 secundo
667 2525 750 2602 (459,
768 2526 804 2588 L.
822 2525 906 2603 676).
921 2510 988 2586 ‚Sed
1004 2525 1112 2605 quoad
1130 2526 1228 2588 ratio·

144 2640 221 2685 nem
236 2621 637 2694 sufficientemexistenliae
651 2622 832 2685 notandum
848 2623 963 2685 sedulo
980 2622 1141 2698 estfflliam
1158 2632 1228 2685 eam

141 2738 214 2782 esse
230 2720 264 2781 in
281 2719 387 2781 causis
401 2720 605 2792 necessariis,
631 2719 729 2781 aliam
746 2720 779 2781 io
797 2719 912 2782 liberis
928 2718 1012 2797 (446,
1030 2719 1085 2797 40).
1100 2719 1136 2780 ln
1152 2737 1227 2782 cau-

143 2818 190 2882 sis
203 2817 337 2898 quidem
364 2817 556 2878 necessariis
574 2826 622 2879 cst
636 2821 740 2880 causae
757 2818 901 2880 activites
916 2835 990 2881 cum
1006 2817 1162 2880 omnibus
1178 2836 1227 2879 re·

143 2916 278 2997 quisitis
293 2915 332 2976 ad
356 2915 530 2995 agendum,
558 2928 594 2977 ut
615 2934 714 2997 supra
742 2916 867 2979 dictum
889 2928 936 2979 est
951 2915 1033 2994 (464)
1051 2934 1059 2979 :
1074 2916 1107 2978 in
1123 2916 1228 2979 causis

142 3033 221 3079 vero
237 3014 692 3095 liberis,praeteractivitatem
709 3026 740 3078 et
754 3016 913 3097 requisita
929 3017 968 3077 ad
984 3015 1228 3090 volendum,re·

29 3167 34 3182 .
142 3114 290 3196 quiritur
302 3114 747 3193 insuperelectiovoluntatis
762 3134 796 3202 se
812 3116 917 3195 ipsam
933 3114 1225 3186 determinantisad

30 3227 37 3292 ξ
142 3214 320 3294 agendum,
337 3223 373 3275 ut
387 3231 447 3275 suo
463 3214 535 3277 loco
551 3214 781 3293 explicabitur.

35 3307 38 3308 ⁷
183 3312 257 3375 646.
271 3310 475 3393 Principium
490 3316 627 3375 rationis
643 3312 836 3376 sufficientis
852 3313 896 3375 ita
917 3313 1107 3375 enuntiatur
1124 3329 1131 3375 :
1148 3311 1227 3374 nili-il

85 3486 91 3497 ι
140 3410 661 3492 estsiueratiooasufflcientelluio
673 3412 910 3475 subordinatur
926 3411 1129 3499 principium
1144 3409 1225 3472 illud

11 3572 13 3623 l
39 3521 44 3590 t,
141 3512 294 3582 alterum,
318 3511 406 3590 quod
428 3519 544 3573 vocant
558 3512 757 3574 causalitatis
775 3510 921 3589 :cibilfit
935 3511 1123 3584 sioetousc3
1139 3508 1226 3589 quod

141 3608 241 3670 etiam
258 3607 447 3670 affirmative
463 3617 494 3671 et
513 3611 633 3672 elarius
650 3612 692 3671 ita
707 3608 840 3671 effertur
854 3625 866 3672 τ
878 3608 1026 3689 quidquid
1040 3603 1166 3671 existere
1177 3608 1224 3669 io·

11 3719 47 3791 ¹t
140 3708 228 3786 cipit,
246 3698 420 3786 efficientem
434 3710 484 3769 sui
497 3726 622 3768 causam
636 3708 734 3769 lubet.
1385 3763 1386 3792 ,

185 3804 387 3891 Principium
416 3805 615 3867 causalitatis
644 3805 755 3867 minus
784 3803 846 3865 late
866 3811 1077 3883 patet,quam
1102 3800 1225 3882 princi·
1310 3848 1314 3854 .
1385 3803 1386 3878 J

140 3903 236 3984 pium
263 3903 400 3966 rationis
416 3903 620 3966 sufficientis.
648 3903 779 3973 Etenim
802 3901 884 3963 illud
907 3901 1087 3964 existentiae
1104 3900 1225 3963 solum·
