2792 4600
453 290 539 334 ornan
561 289 683 346 rarum,
708 290 799 334 aanor
821 290 861 337 tv.
1160 275 1200 338 19

150 407 224 471 100.
249 405 323 468 llaec
338 423 427 467 nune
444 405 538 467 iaeile
555 405 732 486 intelliges.

149 503 183 565 l⁰
206 503 327 568 lladem
354 522 405 565 res
433 511 538 583 potest
561 521 630 565 esse
653 501 835 564 secuudum
864 504 1008 584 aliquam
1026 494 1198 567 ¹rationem

105 620 186 677 una,
203 602 385 664 secundum
406 602 504 663 aliam
531 601 644 664 multa.
673 600 728 663 Sic
751 608 892 681 spectata
908 602 956 664 rei
979 603 1130 680 essentia,
1148 623 1200 667 res

106 707 157 763 est
182 717 264 776 una3
292 699 443 780 spectatis
473 699 622 780 partibus
638 699 867 761 essentialibus
895 701 944 762 vel
962 701 1196 789 integralibus,

106 806 185 863 sunt
199 799 232 859 in
250 816 286 859 re
301 798 414 859 multa.
432 797 578 878 itemque
594 796 777 860 universale
799 815 903 861 unum
929 808 978 860 est
992 806 1079 874 actu,
1097 803 1198 865 multa

107 897 143 959 in
161 895 306 975 potentia
320 904 382 958 ete.

149 995 183 1057 2⁰
205 993 298 1067 Quod
325 1002 374 1055 est
398 1010 501 1054 unum
531 1011 588 1073 per
603 1011 649 1068 se,
667 1003 715 1055 est
737 1010 841 1056 uuum
866 994 1059 1074 simpliciter
1075 994 1149 1073 (96),
1166 1005 1200 1058 ει

106 1103 214 1174 potest
229 1110 299 1156 esse
315 1091 416 1153 multa
433 1092 613 1163 seeundum
628 1092 727 1172 quid;
745 1100 781 1154 ut
796 1093 897 1157 homo
909 1093 964 1173 qui
986 1103 1034 1154 est
1045 1111 1132 1156 uuus
1147 1113 1197 1157 es·

103 1192 222 1266 sentia,
237 1200 268 1253 et
284 1190 385 1253 inulta
397 1190 579 1255 seeundum
597 1201 704 1270 partes
720 1192 869 1254 essentiae
882 1192 930 1254 vel
943 1192 1124 1254 seeundum
1137 1211 1197 1272 pn-

103 1291 237 1353 teutias.
251 1289 344 1362 Quod
362 1307 436 1351 vero
452 1298 500 1350 est
513 1307 615 1351 unum
629 1307 686 1370 per
703 1289 868 1365 accidens,
885 1300 934 1352 est
949 1291 1052 1353 multa
1066 1291 1196 1371 simpli·

102 1392 186 1453 niter
198 1402 229 1451 et
241 1407 344 1451 uuum
358 1388 539 1450 secuudum
553 1389 633 1468 quid
646 1406 654 1464 ;
670 1400 704 1450 ut
717 1389 840 1452 familia
854 1408 926 1470 qnae
939 1380 1137 1470 simpliciter
1149 1399 1197 1453 est

101 1487 295 1561 multitudo,
309 1485 513 1549 connexione
528 1503 605 1549 vero
620 1487 737 1549 morali
756 1489 935 1550 multorum
953 1506 1017 1550 una
1029 1501 1090 1552 est.

143 1572 277 1648 5⁰'lline
289 1583 484 1662 intelligitur
496 1583 666 1663 quomodo
679 1601 737 1644 ens
751 1582 853 1644 dividi
866 1584 994 1646 dicatur
1007 1585 1039 1646 in
1054 1595 1197 1648 unumst

102 1684 219 1745 multa.
235 1683 371 1762 Nempe,
389 1689 425 1743 ut
440 1681 535 1744 docet
551 1681 586 1745 S.
603 1682 746 1745 Thomas
763 1683 813 1760 (ι),
829 1682 920 1762 quusi
936 1702 992 1764 per
1005 1703 1104 1747 unum
1120 1685 1195 1747 simu

101 1781 279 1860 pliciter,-et
292 1780 389 1842 multu
417 1779 585 1840 seeundum
599 1778 685 1858 quid.
718 1778 764 1839 lte
786 1778 887 1858 igitur·
916 1797 973 1842 ens
988 1780 1146 1843 dividitur
1161 1781 1196 1842 in

104 1897 207 1959 uuum
224 1886 256 1942 et
277 1879 390 1953 multa,
407 1886 443 1940 ut
459 1877 558 1938 unius
575 1877 711 1939 nomine
727 1877 930 1957 intelligatur
952 1880 1040 1958 quod
1056 1889 1105 1941 est
1119 1897 1194 1942 vere

104 1995 220 2053 uuum,
231 1977 379 2058 adeoque
390 1995 442 2038 eus
452 1976 632 2056 simpliciter
640 1974 714 2052 (90),
730 1986 761 2037 et
774 1978 908 2038 nomine
920 1978 1111 2052 multorum,
1121 1995 1194 2057 quae

5 2130 6 2133 ,
103 2084 180 2138 sunt
196 2094 299 2138 unum
317 2093 375 2156 per
391 2074 554 2150 aeeidens,
572 2074 720 2155 adeoque
746 2093 798 2136 ens
818 2077 983 2137 seeundum
1007 2068 1193 2157 quiddam

103 2184 264 2255 quatenus
280 2177 382 2237 multa
398 2183 474 2237 sunt
492 2174 606 2248 multa,
627 2183 659 2236 et
679 2174 771 2238 nullo
790 2174 889 2238 modo
905 2192 1018 2251 unum,
1035 2192 1102 2237 nou
1117 2184 1194 2238 sunt

102 2291 160 2337 eus
171 2274 228 2337 sed
241 2273 340 2349 entia,
355 2273 503 2355 adeoque
519 2273 580 2335 sub
595 2281 669 2336 ente
682 2273 845 2337 eontineri
859 2291 925 2337 non
939 2282 1086 2354 possunt.
1103 2273 1193 2336 Patet

101 2373 213 2455 itaque
230 2374 428 2438 divisionem
445 2374 530 2435 eutis
546 2374 580 2434 in
598 2391 700 2435 nuum
717 2384 748 2435 ει
767 2373 870 2435 multa
886 2373 1033 2435 recidere
1054 2373 1088 2434 in
1106 2373 1192 2435 divi·

100 2470 229 2533 sionem
247 2473 351 2552 ipsius
367 2473 452 2534 entis
473 2472 505 2532 in
524 2488 626 2533 uuum
645 2489 702 2551 per
723 2490 768 2546 se,
786 2479 818 2531 et
834 2488 936 2532 unum
952 2489 1011 2551 per
1025 2470 1190 2533 accidens.

99 2568 229 2636 Idcirco
243 2569 363 2633 divisio
379 2570 435 2630 illa
447 2587 513 2632 uou
527 2568 639 2643 officit,
654 2570 835 2649 quominus
850 2586 949 2632 omne
960 2587 1019 2632 ens
1031 2587 1134 2632 uuum
1148 2571 1191 2631 sit

101 2686 170 2733 uno
182 2669 283 2731 ruodo
298 2667 347 2729 vel
364 2668 477 2731 altero.

139 2765 173 2828 1ο
189 2766 388 2847 intelligitur
399 2767 495 2843 etiam
509 2756 677 2846 quomodo
690 2782 793 2827 nuum
809 2774 841 2827 et
853 2767 955 2827 multa
966 2774 1188 2846 opponantur.

138 2867 169 2943 a)
184 2866 280 2938 Ratio
295 2865 393 2927 unius
416 2864 611 2944 simpliciter
625 2873 656 2926 ει
671 2864 770 2927 unius
791 2866 973 2928 seeundum
989 2865 1070 2945 quid
1086 2882 1190 2945 oppo-

98 2972 223 3026 nuntur
241 2973 396 3044 tanquam
419 2961 599 3044 perfeetum
616 2971 648 3023 et
663 2962 903 3043 imperfectum.
924 2963 1017 3036 Quod
1039 2963 1128 3025 enim
1144 2971 1192 3026 εει

96 3078 200 3126 unum
218 3063 399 3125 seeundum
417 3061 511 3143 quid,
528 3071 575 3123 est
598 3061 828 3142 imperfectum
855 3062 889 3123 in
907 3064 1033 3126 ratione
1057 3062 1190 3125 unitatis

98 3158 230 3241 10095).
1172 3219 1179 3232 ,

138 3261 167 3339 l)
182 3260 290 3324 Unum
317 3258 513 3340 simpliciter
529 3266 560 3320 et
576 3258 678 3320 multa
697 3257 894 3339 simpliciter
920 3266 1135 3339 opponuntur
1150 3258 1190 3320 ad

97 3358 233 3422 modum
248 3358 453 3439 privationis,
468 3367 504 3419 ut
519 3356 698 3419 indivisum
716 3356 832 3421 diviso.
851 3356 939 3419 ldem
955 3355 1133 3419 dicendum
1149 3356 1190 3417 de

97 3475 164 3522 uno
175 3457 358 3520 seeundum
375 3455 469 3537 quid,
486 3464 517 3518 ει
532 3456 573 3517 de
591 3455 704 3518 multis
719 3455 899 3519 seeundum
915 3454 1008 3535 quid.

529 3617 694 3664 articulus
716 3618 762 3664 111.

543 3732 584 3794 lle
604 3751 745 3795 numero.

136 3865 207 3931 llll.
233 3866 340 3940 Quum
362 3882 455 3928 mens
477 3865 725 3929 multitudinem
753 3863 892 3945 percipit
909 3874 940 3927 et
954 3865 989 3927 in
1002 3882 1102 3926 unum
1117 3862 1185 3927 eol·

122 3979 154 4036 (1)
163 3979 229 4026 Sum.
243 3980 283 4027 Tit.
297 3994 320 4039 p.
330 3979 351 4035 l,
361 3990 384 4038 q.
395 3979 438 4025 xl.
449 3984 494 4025 art.
504 3978 523 4024 l.
534 3977 563 4023 ad
576 3979 598 4024 0.
1201 3981 1203 3986 ’
