2792 4600
536 309 622 353 traua
645 309 765 365 rmum,
788 310 880 354 staur
902 311 923 355 1.
1217 296 1284 361 tot

187 422 353 504 incensed
371 433 479 506 partes
493 425 564 504 ejus
577 426 755 504 oppositas.
773 424 809 485 ln
828 425 888 486 hae
902 443 999 488 curva
1013 425 1164 489 abscissae
1179 412 1285 491 bino·

192 539 266 584 rum
303 536 501 603 punctorum
527 522 698 585 distantias
721 522 921 601 exprimunt,
948 532 980 586 et
1008 524 1169 588 ordinata
1191 527 1278 590 vires

190 623 374 683 attractivas
388 631 420 685 et
431 621 622 702 repulsivas,
639 622 906 700 proutjecuerint
917 622 956 683 ad
970 640 1068 684 unam
1083 626 1129 685 vel
1143 626 1279 689 alteram

191 719 261 781 axis
284 728 419 800 partem.
437 722 543 800 Atque
561 720 611 781 his
628 720 708 781 solis
724 718 849 780 viribus
865 722 1046 782 secundum
1076 722 1159 785 hanc
1177 724 1279 803 legem

192 818 405 882 variabilibus
420 819 765 900 impenetrabilitatem
778 836 955 899 corporum
967 829 999 880 et
1010 819 1211 898 gravitatem,
1228 842 1280 884 va·

192 916 327 997 rinsque
342 918 539 981 cohaesionis
566 918 693 994 modos,
718 918 961 991 elasticitatem,
981 919 1099 995 lucem,
1123 921 1280 998 calorem,

191 1017 370 1095 omniaque
394 1016 528 1095 physica
544 1016 761 1096 plraenomena
778 1015 948 1095 ingeniose
962 1015 1103 1096 explicat
1118 1020 1169 1094 lt).
1187 1020 1284 1082 Hunc

193 1112 289 1174 inulti
303 1123 414 1192 postea
431 1115 653 1175 recentiorum
669 1115 799 1193 sequuti
814 1122 912 1175 sunt.-

238 1211 287 1274 ti.
312 1210 469 1274 Caeterum
494 1212 592 1294 hujus
608 1213 789 1293 systematis
816 1213 899 1274 ratio
916 1211 1171 1275 fundamentalis
1193 1218 1280 1295 apud

193 1326 310 1371 omnes
321 1310 391 1389 ejus
403 1310 591 1373 defensores
605 1312 674 1372 haec
689 1328 754 1372 una
766 1319 825 1372 est.
842 1310 987 1389 Corpora
999 1322 1075 1373 sunt
1086 1315 1279 1392 composita.

197 1407 421 1488 compositum
449 1419 557 1473 autem
587 1411 746 1489 supponit
767 1411 1012 1494 componentia.
1044 1410 1284 1491 Componentia

197 1518 315 1580 autem,
333 1509 359 1570 si
377 1509 558 1589 composita
574 1516 606 1570 et
619 1510 688 1589 ipsa
700 1520 787 1584 sunt,
806 1509 921 1569 ultima
937 1509 1097 1570 elementa
1114 1529 1179 1572 non
1194 1524 1282 1577 sunt.

197 1607 317 1671 Ultima
330 1608 866 1687 igiturelementacompositaesse
880 1625 944 1669 non
955 1618 1102 1687 possunt,
1116 1610 1286 1689 Ergosunt

91 1768 93 1774 ,
184 1705 361 1785 ,simplicia
376 1723 383 1769 :
398 1724 475 1785 ergo
488 1706 666 1768 inextense.
681 1704 802 1768 Ultima
816 1704 1060 1784 ergoelemema
1074 1705 1241 1787 simplices
1254 1723 1287 1773 ct

156 1883 160 1892 ,
196 1809 373 1870 inertensae
387 1804 576 1868 substantiae
592 1813 680 1866 sunt.

632 2003 794 2049 attt'tcutus
817 2002 863 2047 lll.

488 2136 498 2156 ¹
513 2132 557 2194 De
570 2132 762 2213 dynamisme
778 2132 991 2194 recentiorum.

242 2284 292 2350 18.
309 2283 414 2350 Aliam
427 2285 511 2345 viam
528 2283 674 2345 inierunt
686 2283 726 2343 atl
743 2299 920 2362 corporum
934 2282 1107 2344 essentiam
1123 2284 1287 2363 explican·

198 2387 275 2447 dam
290 2383 596 2470 transcendentales
607 2382 788 2445 Germaniae
812 2381 1015 2461 philosophi.
1034 2382 1071 2444 lli
1090 2385 1209 2459 rejecto
1224 2403 1285 2445 me—

196 2485 351 2546 cltant'srm‘
365 2491 548 2562 systemate,
562 2481 650 2562 quod
667 2481 734 2541 vim
749 2480 918 2542 motricem
936 2481 1164 2543 tantummodo
1180 2493 1287 2543 ester·

201 2602 276 2644 nam
289 2582 431 2643 admittit
440 2582 529 2661 iuxta
542 2579 740 2642 mechanica
754 2580 839 2657 leges
851 2588 1054 2657 operantem,
1067 2597 1142 2641 eum
1155 2598 1288 2661 qnoque

200 2681 442 2761 dynamismurn
460 2677 688 2758 imperfectum
706 2686 831 2757 putant,
849 2678 904 2755 qui
922 2677 1006 2736 vires
1020 2678 1154 2756 quidem
1169 2679 1288 2740 intrin-

200 2798 290 2842 secas
303 2779 336 2840 in
349 2778 546 2860 corporibus
560 2776 665 2856 ponit,
679 2776 736 2838 sed
751 2775 877 2854 legibus
890 2775 1092 2837 mechanicis
1105 2776 1286 2855 subjectas;

199 2897 239 2942 ac
254 2897 358 2941 utrum
371 2879 600 2957 dynamismum
620 2875 787 2954 appellent
802 2866 952 2954 systema,
970 2875 1057 2954 quoti
1073 2885 1190 2954 praeter
1205 2879 1290 2939 vires

203 2978 421 3052 mechanicas,
450 2975 601 3056 plastices
623 2975 722 3036 etiam
742 2973 826 3034 vires
849 2972 1015 3047 admittit3
1039 2992 1104 3053 quo
1128 2993 1163 3036 ex
1182 2977 1291 3054 capite

201 3076 445 3158 dynamismum
461 3074 655 3154 teleolopismi
672 3071 806 3140 nomine
823 3071 1041 3151 distinguunt.
1267 3072 1270 3075 ’

205 3212 208 3217 -
245 3176 295 3238 19.
313 3174 394 3235 liant
405 3172 549 3237 ,liabetur
562 3181 596 3234 ut
614 3186 703 3251 pater
715 3171 781 3235 veri
795 3170 1004 3249 dynamismi.
1018 3168 1096 3248 Ejus
1112 3181 1218 3232 autern
1233 3174 1293 3236 do·

201 3276 308 3337 ctrina
324 3273 368 3334 ita
384 3288 418 3333 se
442 3271 539 3333 habet
558 3271 607 3348 (a).
634 3270 760 3349 Corpus
775 3286 841 3329 non
866 3267 974 3329 solum
990 3267 1100 3329 cxistit
1115 3268 1148 3355 in
1173 3270 1290 3349 spatio,

125 3418 128 3423 -
203 3374 260 3434 sed
278 3371 359 3434 illud
374 3368 500 3449 implet,
515 3370 559 3430 ita
572 3377 607 3430 ut
618 3385 739 3447 corpus
751 3368 890 3429 alterurn
904 3383 942 3428 eo
956 3375 1127 3446 penetrare
1138 3386 1204 3428 non
1222 3388 1293 3448 pos-

205 3472 266 3533 sit:
286 3469 349 3531 hoe
368 3483 444 3529 vero
474 3467 716 3547 phaenornenon
738 3464 820 3526 duas
848 3464 1003 3526 matrices
1029 3464 1114 3525 vires
1138 3468 1293 3544 postulat,

203 3570 338 3632 alteram
350 3564 557 3639 attractiuanu
571 3564 757 3645 repulsivam
769 3562 916 3624 alteram.
932 3563 987 3624 Vis
1003 3561 1166 3642 repulsiva
1182 3583 1295 3627 neces·

203 3670 291 3732 sario
307 3675 355 3729 est
371 3666 405 3726 in
422 3681 560 3744 corpore
582 3661 799 3743 concipienda
814 3679 822 3740 ;
839 3679 898 3742 per
917 3661 1002 3723 hanc
1018 3661 1107 3722 euim
1128 3663 1203 3736 viru,
1222 3684 1295 3745 quae
1331 3746 1335 3754 ⁵

236 3854 267 3904 (ll
283 3849 310 3895 ln
321 3845 491 3893 dissertatione
503 3845 536 3891 De
552 3843 642 3890 lumine
654 3843 726 3890 Parte
745 3841 778 3900 li,
794 3842 854 3889 etin
875 3841 951 3888 altera
962 3841 996 3888 De
1015 3841 1068 3898 leye
1083 3842 1257 3889 commutatis.
1272 3853 1299 3892 et
1393 3834 1395 3845 ’

206 3925 1301 4056 ἔὼιζϊῑὰθιιρὶιγείεοὴοΑηῐιιιπςεςτίὶιιᾱοἀεετΝειῑιιηνίεοωιιιοὶιειῐι.ίὶῐίιίΙ(ἀει1]νιΙιεεῑι»Ιιηιίί.
