2792 4600
437 304 522 349 trane
544 303 664 359 enisus,
688 305 780 352 cerus
801 306 831 353 v.
985 331 986 336 κ
1119 295 1177 360 aot
1380 359 1382 400 s

92 428 187 497 paeto
207 435 282 480 vere
298 426 374 481 sunt
389 426 479 481 extra
509 425 653 481 mentem
668 426 735 481 tam
750 418 856 495 lineae,
874 439 973 502 quarn
988 425 1182 504 superficies
1380 413 1382 474 i

93 514 696 596 siseterminantes,.siveeopulantes.
764 589 765 592 Ἴ

134 615 168 679 2⁰
183 614 315 678 Certum
330 624 379 676 est
395 614 486 690 item,
503 615 567 676 nisi
585 633 661 677 eum
682 614 842 678 idealistis
864 617 996 693 sentias,
1014 619 1136 685 lineam
1152 633 1186 687 et

93 713 301 794 superficiem
329 714 562 800 esselrationes
578 713 737 794 quasdam
763 732 819 777 seu
836 715 1060 782 dimensiones
1080 721 1186 785 reales

93 829 284 893 corporum,
308 811 488 875 seeundum
505 828 587 892 quas
602 827 743 893 corpora
770 811 857 874 inter
883 832 917 875 se
933 819 1116 897 comparari
1130 837 1186 883 so·

92 911 174 975 lent.

138 1010 209 1075 ¹84.
226 1009 337 1083 Quoad
354 1008 395 1071 im
420 1006 598 1071 dicendum
614 1006 845 1085 indivisibilia,
873 1019 1035 1089 quatenus
1051 1014 1186 1077 termini

93 1119 172 1174 sunt
186 1106 434 1189 magnitudinis,
452 1123 519 1168 non
532 1122 602 1167 osse
614 1104 744 1186 aliquid
761 1106 905 1186 positivi,
923 1108 980 1170 sed
998 1126 1105 1171 meras
1117 1111 1187 1191 pri-

94 1206 263 1283 vationes3
281 1223 399 1285 nempe
415 1203 606 1284 negationes
622 1204 657 1265 iu
678 1202 827 1285 subjecto
842 1215 918 1286 apto
933 1206 972 1269 ad
996 1209 1187 1290 oppositum

94 1304 145 1382 (0.
161 1304 246 1383 562).
275 1302 359 1376 onio
376 1302 466 1366 enim
481 1301 573 1364 aliud
600 1310 649 1364 est
663 1322 693 1365 v.
710 1319 759 1383 gr.
786 1313 946 1387 punctum
970 1308 1003 1369 in
1020 1316 1187 1386 concreto,

10 1461 11 1486 ,
93 1404 160 1468 nisi
177 1405 264 1467 linea
280 1412 443 1486 quatenns
460 1410 548 1464 tanta
565 1409 624 1476 est,
642 1410 673 1463 et
696 1402 783 1465 ultra
797 1420 864 1466 non
881 1407 1109 1485 protenditur?
1124 1409 1188 1484 Qui

10 1497 12 1610 j
91 1522 172 1570 vero
188 1511 347 1585 punctum
363 1510 399 1565 nt
414 1490 593 1583 positivum
609 1499 735 1582 aliquid
749 1501 953 1583 concipiunt,
972 1523 1041 1568 rem
1059 1525 1190 1589 ponunt

10 1613 11 1618 ’
92 1600 462 1682 omnino'superlluam.
488 1598 569 1662 Nam
585 1599 657 1661 sine
686 1600 747 1661 hae
762 1601 944 1678 entitatem,
965 1604 1053 1667 linea
1077 1609 1191 1672 adhue

10 1769 12 1782 ‚
92 1701 269 1765 terminata
292 1712 450 1762 remanet.
468 1698 559 1761 ldem
588 1697 678 1762 dieas
703 1698 744 1760 de
761 1698 885 1761 caeteris
912 1700 1188 1783 indivisibilibus,

10 1785 11 1794 ἵ
93 1810 247 1882 respectu
260 1816 374 1863 eorum
388 1815 462 1878 quse
478 1795 597 1859 finiunt
613 1804 668 1860 aut
683 1797 843 1874 copulant
856 1814 863 1859 :
877 1796 1031 1862 videlicet
1053 1805 1191 1883 superli-

93 1900 163 1963 oies
176 1916 242 1961 nou
256 1905 303 1960 est
314 1897 404 1959 aliud
417 1913 515 1976 quam
529 1895 624 1957 limes
635 1893 749 1968 solidi,
763 1901 795 1957 et
806 1892 892 1958 linea
906 1913 972 1959 nou
985 1897 1075 1962 aliud
1089 1920 1189 1981 quam

93 1997 194 2059 limes
211 1993 411 2075 superficiei.

137 2092 212 2159 185.
236 2092 349 2166 Quoad
371 2093 413 2156 δῦ
438 2089 594 2170 denique,
621 2090 743 2152 lineam
772 2099 803 2152 et
831 2091 1050 2171 superficiem,
1078 2099 1188 2176 prouti

94 2185 913 2272 suntrealesoorporumdimensiones,asoliditt1te
924 2194 1189 2274 (corporeitatem

11 2328 13 2365 ;
94 2301 220 2357 veteres
236 2289 456 2373 appellabant)
473 2307 508 2351 re
520 2306 587 2351 non
603 2286 776 2368 distingui.

11 2388 13 2485 ζ
139 2415 155 2450 ε
180 2391 277 2455 llxtra
292 2391 449 2463 animam,
467 2388 522 2466 (ita
549 2387 701 2452 Peresius
718 2388 801 2448 haue
816 2386 960 2451 referens
977 2394 1187 2472 sententiam,

11 2498 13 2537 t
97 2512 113 2548 ι
137 2507 238 2570 quam
257 2487 338 2551 dein
367 2486 600 2568 amplectitum)
616 2502 682 2547 non
699 2496 747 2546 est
763 2484 826 2546 alia
841 2503 893 2548 res
914 2506 987 2568 quae
1002 2490 1044 2552 sit
1060 2495 1188 2573 magni·

96 2610 113 2646 ι
139 2588 232 2666 tudo,
246 2585 312 2648 nisi
333 2585 548 2666 corporeitas,
561 2600 634 2665 quae
647 2581 745 2644 hebet
767 2583 801 2644 in
817 2600 852 2644 se
866 2584 1027 2648 rationem
1044 2588 1190 2669 longitu-

97 2709 114 2746 α
139 2685 241 2760 dinis,
259 2683 457 2757 latitudinis,
489 2691 521 2743 et
537 2679 779 2760 profunditatis.
810 2681 1020 2762 thnoniam
1047 2687 1097 2749 hae
1121 2699 1189 2752 tres

12 2804 14 2811 >
97 2809 114 2846 α
140 2785 286 2848 rationes
301 2783 548 2845 dimensionum
565 2779 613 2842 sio
628 2796 662 2840 se
679 2778 812 2853 habent,
838 2792 873 2845 ut
887 2766 1068 2863 conceptus
1085 2788 1189 2849 unius

12 2936 13 2943 ,
98 2908 114 2944 ι
139 2900 209 2947 non
237 2883 384 2945 includat
407 2890 611 2960 conceptum.
632 2877 766 2939 alterius
770 2923 833 2941 .....
863 2890 895 2941 et
919 2888 997 2960 qula
1020 2886 1189 2949 nonnullae

12 3032 14 3047 .
99 3009 113 3044 ι
139 2983 310 3066 passiones
324 2982 594 3045 demonstrantur
609 2977 649 3039 de
662 2994 802 3056 corpore
815 2979 941 3041 ratione
958 2981 1142 3057 latitudinis
1156 2993 1189 3048 et

99 3106 115 3142 ι
141 3078 391 3163 profunditatis,
409 3077 452 3140 ob
482 3079 539 3137 has
555 3091 667 3137 oausas
694 3074 879 3137 intellectus
907 3077 964 3138 has
980 3088 1045 3140 tres
1060 3081 1188 3143 dimen-

13 3186 15 3255 ἵ
99 3204 115 3240 ι
139 3180 252 3244 aiones
267 3177 314 3240 vol
327 3178 471 3240 rationes
482 3190 649 3253 corporea
661 3171 897 3251 magnitudinis
909 3174 1058 3240 distinxit
1073 3178 1107 3240 in
1123 3188 1190 3243 tres

99 3301 116 3336 ι
141 3275 422 3359 speeies„easqne
448 3272 631 3336 nominavit
657 3270 791 3346 lineam,
821 3272 1028 3353 superficiem
1055 3286 1087 3338 et
1115 3295 1192 3341 eor·

13 3434 14 3437 ,
101 3401 118 3436 ι
144 3395 205 3460 pus
221 3379 302 3456 tal.»
726 3362 731 3371 ’

14 3482 15 3499 ’
536 3502 700 3550 anricunus
722 3504 765 3548 vr.

333 3618 376 3681 Dt
390 3619 423 3682 ei
436 3619 596 3682 resistendi
617 3629 644 3682 et
656 3619 956 3700 lmpandrolilitote.

146 3751 218 3819 lto.
236 3750 419 3815 Resistendi
432 3751 480 3814 vis
509 3769 582 3833 quae
597 3751 793 3833 corporibus
810 3752 904 3828 inest,
935 3754 977 3816 ab
1001 3757 1196 3820 eorumdem

15 3884 16 3927 ,
102 3850 310 3927 extensione,
323 3850 587 3927 saltemrationo‚
601 3849 826 3930 distinguitur,
840 3861 983 3932 utsupra
998 3852 1196 3920 dictumest.
1248 3876 1252 3881 ·

133 3983 172 4038 tn
182 3982 215 4029 oa
224 3981 302 4040 prins.
314 3980 365 4029 litt
381 3980 412 4028 x.
422 3991 444 4026 e.
456 3980 485 4030 V.
588 4011 593 4021 .

259 4071 468 4123 lnsrttrrrtonnS,
489 4069 548 4110 oro.
569 4069 602 4110 u.
1024 4074 1052 4113 ts
