2792 4600
422 351 509 397 tram
532 351 651 415 narnus,
676 350 769 397 mehr
790 352 835 400 m.
1129 336 1217 406 253.

90 462 231 527 differre
246 464 367 527 dehere
382 466 431 526 vei
447 465 561 547 figura,
579 465 628 528 vel
646 467 882 547 magnitudine,
896 469 946 547 vel
958 468 1111 533 chinricis
1122 470 1194 548 affi-

95 563 272 644 nitatibus,
290 562 337 625 vet
351 564 464 645 atiquo
479 564 545 627 aiio
563 564 765 646 hujusmodi.
820 649 823 653 λ

144 661 326 726 Dicendum
349 663 382 725 5⁰
404 674 529 726 atcnros
560 663 755 743 primitivas,
786 666 934 744 quamvis
964 666 1194 747 incompositae

93 762 178 836 sint,
192 779 263 823 esse
278 771 398 835 tamen,
419 771 515 841 prout
530 761 678 829 continui
695 771 810 824 natura
824 761 896 835 tert,
910 764 981 826 sine
997 763 1062 826 tine
1077 766 1193 829 divisi·
1303 770 1307 775 '

95 859 198 934 biles,
211 861 326 923 saltem
342 871 462 923 mente.
477 860 613 940 Physica
625 868 734 922 tamen
746 860 899 922 videntur
914 861 1063 939 dicendaev
1073 863 1192 927 indivi-

97 958 229 1020 sibiles.
337 993 340 1000 ⁴
649 1017 652 1021 .
986 1027 988 1033 ,

142 1054 195 1119 99.
220 1054 350 1128 Quaeres
364 1072 404 1116 an
417 1067 601 1118 atomorum
615 1056 712 1118 variae
723 1056 848 1135 species
865 1056 1087 1136 metaphysica
1101 1076 1191 1136 coep·

97 1156 218 1235 positae
232 1154 296 1215 dici
314 1162 452 1235 queant;
470 1154 514 1215 ita
529 1162 565 1216 ut
579 1154 622 1215 sit
638 1154 670 1215 in
688 1154 755 1215 iliis
770 1152 898 1234 aliquid
913 1153 1140 1235 imperfectum
1156 1175 1196 1236 ac

97 1254 363 1328 determinabile,
374 1272 440 1336 quc
456 1255 638 1333 pertineant
648 1253 686 1315 ad
703 1272 804 1334 genus
816 1252 1005 1328 substantie
1013 1272 1192 1336 corporeae,

94 1370 133 1416 et
159 1354 283 1435 aliquid
311 1353 484 1433 perficiens
505 1370 542 1414 ac
564 1352 798 1427 determinans,
822 1353 946 1433 quoin
973 1363 1061 1415 certa
1082 1358 1192 1435 specie

95 1455 317 1519 collocantur.
331 1453 538 1534 Respondeo,
555 1455 581 1515 si
597 1451 638 1514 iis
662 1451 817 1513 vocibus:
833 1449 1041 1531 imperfectam
1055 1464 1086 1514 et
1100 1458 1190 1535 perfi-

96 1558 196 1628 ciens.
226 1552 453 1616 (interminabile
479 1568 517 1614 ac
541 1551 757 1625 determinans,
786 1550 945 1630 intelligis
971 1550 1065 1612 binas
1087 1564 1196 1631 partes

101 1652 269 1735 physicas,
288 1660 322 1713 ut
338 1648 516 1730 potentiam
539 1658 570 1720 et
585 1655 694 1728 actum
710 1646 999 1728 peripateticorum
1016 1649 1058 1726 (d,
1075 1650 1117 1727 ὅ),
1137 1669 1195 1712 ne·

99 1753 236 1835 gahitur
258 1751 290 1811 i⁰
311 1747 586 1830 compositionem
611 1746 800 1825 hujusmodi
823 1746 1077 1825 metaphysicam
1107 1766 1193 1824 esse;

99 1851 139 1914 ΞΝ
155 1846 225 1912 eam
241 1850 275 1910 in
291 1847 409 1910 atomis
436 1846 555 1908 habere
572 1846 679 1914 locum
697 1843 759 1921 (80,
778 1846 872 1922 seqt.
890 1843 924 1904 Si
946 1853 1024 1905 vero·
1038 1845 1195 1925 intelligis

101 1951 149 2013 iis
163 1948 295 2013 vocibus
307 1946 401 2009 binas
414 1955 521 2027 partes
531 1945 781 2024 metaphysicas,
796 1953 831 2005 ut
842 1954 919 2004 sunt
931 1944 964 2003 in
980 1944 1114 2006 homine
1126 1946 1196 2007 ani·

101 2049 173 2111 mat
188 2055 220 2108 et
234 2044 403 2120 rationale,
418 2061 491 2124 quae
507 2059 572 2104 non
588 2049 664 2103 sunt
678 2059 761 2103 verae
776 2049 896 2120 partes,
911 2040 967 2102 sed
981 2041 1108 2104 ratione
1124 2051 1194 2104 tan·

101 2140 684 2224 tummododistinguunturiti.247),
695 2158 792 2202 nemo
802 2139 1067 2219 negabithancin
1077 2143 1195 2205 atomis
1212 2225 1215 2234 ,

102 2247 247 2310 ideaiem
263 2243 537 2326 compositionem
553 2258 634 2304 esse.

530 2406 697 2454 sericatus
721 2406 769 2452 ιιι.

516 2501 637 2585 Sotisfit
660 2501 793 2584 objectis.

153 2628 224 2694 tto.
248 2625 329 2706 Opp.
352 2621 377 2687 1.
396 2621 431 2684 in
447 2620 619 2682 atomismo
634 2616 779 2678 chimino
795 2615 909 2677 sistere
925 2598 992 2678 non
1009 2634 1197 2696 possumus.

104 2727 191 2792 Nam
231 2777 233 2780 Α
598 2783 601 2788 .

152 2829 187 2890 i·
209 2820 362 2896 Questio,
379 2835 478 2900 qnam
499 2816 635 2896 agimus
654 2830 720 2875 non
738 2809 872 2891 physica
894 2820 940 2873 est
956 2806 1012 2873 sed
1030 2815 1198 2895 metaphy·
1232 2845 1235 2849 <

104 2927 199 2998 sica:
216 2922 323 3003 agitur
345 2918 446 2992 enim,
463 2932 528 2978 non
545 2914 585 2976 de
605 2910 809 2992 explicandis
835 2907 1070 2985 sacrissacris
1094 2912 1199 2992 expli·

106 3026 216 3091 canda
230 3020 370 3089 essentia
384 3014 533 3096 corporis
547 3032 603 3075 seu
620 3012 733 3075 atomi.
750 3011 812 3074 Sed
827 3009 1020 3072 atomismus
1036 3010 1199 3075 chimicus

106 3136 161 3191 est
176 3122 313 3207 quidem
330 3115 519 3200 hypothesis
536 3112 667 3194 physica
694 3110 812 3173 idonea
839 3107 878 3169 ad
896 3106 978 3170 facta
994 3108 1213 3190 explicanda,

109 3243 181 3297 non
207 3232 314 3289 antem
337 3215 463 3280 theoria
485 3210 705 3292 metaphysica
727 3207 892 3271 sufficiens
914 3206 953 3268 ad
973 3206 1200 3287 explicandam

107 3339 291 3406 corporum
307 3315 492 3382 essentiam.
520 3313 604 3391 Ergo
630 3308 871 3388 metaphysicus
899 3306 932 3366 in
948 3324 987 3366 eo
1002 3306 1117 3368 sistere
1134 3325 1200 3370 non

112 3432 234 3509 potest.

154 3523 188 3584 2⁰
211 3515 439 3599 Experimento
464 3507 596 3573 chimiae
625 3522 691 3568 non
718 3502 881 3566 definiunt
906 3507 1016 3564 utrum
1041 3501 1203 3567 elementa
1251 3543 1254 3548 -

111 3625 266 3689 constent
280 3610 415 3676 materia
426 3626 464 3671 ac
479 3607 583 3669 torma
598 3621 658 3667 nec
682 3619 740 3678 ne;
771 3600 917 3679 itemque
927 3607 1038 3661 utrum
1051 3610 1205 3664 maneant

113 3723 151 3785 in
168 3717 270 3781 mixto
285 3721 370 3784 actu,
387 3726 427 3770 an
444 3722 519 3769 vero
535 3704 667 3766 virtute.

157 3809 405 3889 saussignac
429 3803 566 3868 theoriae
591 3816 658 3864 non
685 3795 864 3879 opponitur
889 3792 1024 3868 chimia,
1046 3795 1206 3875 quemad·

113 3917 255 3983 modum
269 3928 337 3975 non
352 3906 531 3987 opponitur
546 3903 599 3977 iis,
616 3901 673 3982 qui
701 3904 836 3961 censent
849 3902 975 3958 atonros
990 3891 1207 3959 elementares

111 4024 268 4083 consere
278 4029 318 4074 ex
333 4007 473 4097 punctis.
