2792 4600
193 335 256 399 loa
649 358 820 406 onrouours.

193 487 234 546 ad
252 485 378 566 aliquid
395 486 497 550 aliud.
516 488 593 560 Quae
609 490 743 552 relativa
758 492 872 554 definit
887 492 1141 556 Aristoteles2eo
1154 512 1280 574 punam
1375 554 1376 567 ,

191 603 252 646 esse
266 592 309 647 est
323 587 363 645 ad
379 588 466 648 eliud
485 607 515 648 se
538 590 656 651 lutere.
683 589 807 670 Nempe
835 609 976 670 quorum
993 599 1061 667 tota
1086 592 1225 654 essentia
1236 602 1282 654 est
1375 576 1376 613 ⁷

192 682 342 762 adalind
368 686 494 748 reterri.
512 687 681 767 Ejusmodi
706 689 881 753 relationes
907 691 1114 772 appellantur
1127 692 1280 772 pradina-

192 784 362 857 mentales,
374 787 451 864 quia
465 787 663 864 peculiarem
681 789 1281 869 categoriam(praedicamentumlcon-

191 883 346 946 stitnuut.
1119 932 1122 941 -

232 982 330 1044 Vides
346 1002 423 1062 ergo
449 985 641 1048 relationem
663 987 980 1051 transceudeutalem
998 1003 1068 1050 esse
1084 988 1279 1050 relationem

192 1081 376 1144 secuudum
405 1083 470 1144 dici
488 1083 585 1162 (209),
604 1093 636 1147 et
653 1085 970 1165 praedicamentalem
997 1087 1179 1149 secundum
1193 1105 1279 1163 esse3

190 1198 379 1262 quanquam
397 1190 520 1244 veteres
549 1184 684 1246 nomine
714 1185 885 1248 relationis
912 1185 1211 1267 praedicamentalis
1229 1202 1281 1248 eas
1367 1185 1372 1194 '

89 1364 95 1376 .
190 1279 300 1341 solum
328 1281 503 1344 relationes
527 1278 835 1362 complecterentur,
865 1302 937 1364 qnae
966 1292 997 1346 et
1015 1282 1282 1346 secuudumesse
1377 1304 1378 1307 ¹

190 1387 270 1439 sunt
284 1386 315 1440 et
330 1380 444 1442 reales.

616 1546 781 1593 narrontns
805 1546 853 1591 lll.

576 1693 618 1756 De
639 1695 787 1757 relatione
801 1695 889 1756 reali.

153 1862 159 1869 ‘
229 1857 305 1921 tlt.
323 1858 362 1922 Ut
379 1857 495 1921 relatio
512 1858 609 1920 realis
625 1859 678 1932 sit,
695 1867 836 1940 quatuor
859 1859 928 1921 hare
941 1859 1177 1939 requiruntur:
1196 1822 1200 1831 Ι

233 1959 266 2023 1⁰
282 1959 322 2048 Ut
338 1956 520 2035 subjectum
535 1957 577 2017 sit
591 1957 687 2027 reale,
707 1966 737 2019 et
755 1958 816 2019 hoc
833 1976 890 2036 per
905 1975 939 2019 se
952 1964 1050 2038 patet.

231 2056 266 2117 2⁰
280 2055 321 2119 Ut
337 2055 583 2117 fundamentum
601 2073 733 2136 quoque
748 2054 835 2117 reale
858 2055 901 2116 sit
926 2055 961 2116 in
977 2055 1137 2134 subjecto.
1157 2054 1284 2118 Relatio

193 2153 282 2217 enim
299 2153 396 2215 aliam
413 2152 594 2215 realitatem
610 2170 676 2216 non
690 2152 798 2227 hahet,
812 2171 910 2233 quam
926 2152 1142 2215 fundamenti.
1160 2153 1194 2215 Si
1206 2170 1284 2234 ergo

188 2253 439 2316 fundamentum
455 2251 541 2316 reale
558 2269 624 2317 nou
646 2253 699 2327 sit,
718 2251 788 2333 ipsa
803 2253 920 2317 relatio
937 2253 1034 2316 realis
1049 2270 1119 2315 esse
1136 2268 1202 2317 uon
1216 2270 1277 2333 po·
1380 2292 1381 2326 2

189 2354 279 2417 terit.

231 2454 265 2515 3⁰
279 2452 319 2517 Ut
344 2453 504 2515 terminus
530 2451 572 2514 sit
601 2452 699 2514 realis
714 2462 746 2515 et
761 2453 893 2515 realiter
914 2453 1068 2515 existens.
1094 2452 1216 2533 Excipe
1229 2470 1285 2514 eas

189 2551 491 2615 transcendeutales
504 2550 692 2626 relationes,
710 2568 850 2632 quarum
863 2551 1046 2630 subjectum
1060 2561 1107 2613 est
1122 2551 1284 2626 mene,vel

190 2651 291 2714 etiarn
318 2651 479 2712 voluntas.
505 2649 604 2712 Actus
636 2650 724 2712 euim
754 2651 869 2713 harum
897 2650 1099 2726 facultatum,
1129 2650 1287 2731 idemque

190 2749 370 2812 dicendum
402 2747 443 2810 de
463 2748 643 2824 habitibus,
661 2752 782 2811 versari
804 2761 942 2830 possunt
966 2750 1053 2811 circa
1066 2747 1237 2829 possibilia
1253 2758 1287 2811 et

189 2849 279 2910 entia
294 2847 431 2909 rationis
442 2854 498 2934 ;et
526 2846 748 2928 nihilomiuus
763 2847 803 2908 ad
825 2847 885 2910 hos
902 2866 1036 2928 quoque
1053 2847 1212 2910 terminos
1228 2848 1287 2908 ha·

189 2946 360 3010 bitudiues
386 2947 489 3009 reales
512 2945 697 3010 ineunt-*At
720 2964 772 3009 res
787 2946 858 3009 aliae
874 2966 946 3028 quae
958 2965 1019 3009 nec
1034 2946 1206 3027 possibilia
1223 2965 1287 3009 nec

189 3047 280 3109 entia
296 3045 433 3107 rationis
445 3044 563 3123 obiecti
581 3046 653 3107 loco
673 3062 818 3125 uuquam
836 3044 966 3114 lrabeat,
984 3043 1195 3106 habitudines
1211 3061 1285 3107 rea-

189 3147 250 3221 les,
265 3144 328 3212 uisi
346 3144 385 3206 ad
403 3143 489 3206 entia
505 3143 605 3207 realia
623 3145 823 3225 realiterque
838 3145 1017 3217 existentia,
1040 3142 1208 3224 suscipere
1225 3161 1285 3206 ue·

188 3253 327 3327 queunt.

231 3345 265 3408 4⁰
279 3343 320 3407 Ut
345 3341 596 3404 fundamentum
609 3361 627 3404 a
642 3342 786 3404 termino
806 3342 938 3405 realiter
950 3341 1183 3420 distinguatur.
1200 3339 1287 3403 Nam

187 3443 216 3504 si
231 3440 481 3503 laudamentum
494 3459 511 3504 a
524 3440 666 3504 termino
675 3440 807 3502 realiter
820 3458 886 3503 nou
900 3440 1127 3519 distinguitur,
1137 3438 1205 3519 jam
1221 3458 1288 3503 nec

187 3540 371 3618 subjectum
389 3539 602 3617 distinguitur
616 3556 636 3610 a
650 3539 810 3615 termium
827 3540 975 3619 adeoquo
992 3538 1104 3600 nullus
1119 3550 1166 3598 est
1183 3536 1287 3599 realis

187 3639 271 3702 ordo
285 3639 384 3701 unius
401 3637 441 3699 ad
466 3638 616 3708 alterum,
642 3638 699 3699 sed
717 3647 763 3699 est
780 3637 935 3699 duntaxat
951 3637 1055 3698 unius·
1065 3637 1106 3697 ad
1122 3636 1289 3716 seipsum,

188 3739 246 3819 qui
264 3736 399 3817 quidem
413 3734 495 3797 ordo
511 3752 600 3797 mera
615 3744 663 3797 est
678 3735 795 3798 relatio
812 3736 928 3815 logica.
1030 3795 1038 3810 ,

229 3836 320 3914 Addi
341 3845 447 3914 posset
461 3834 501 3895 5¹¹²
526 3843 562 3895 ut
578 3831 696 3915 ucxnpe
711 3833 894 3913 subjectum
923 3833 1040 3897 habeat
1065 3833 1203 3913 aliquid,
1221 3850 1289 3914 per

186 3936 277 4017 quod
295 3930 520 4015 aliquomodo
536 3933 575 3994 ad
596 3934 735 3996 alterum
750 3933 933 3997 ordinetur.
951 3932 1015 3997 Sed
1033 3934 1096 4011 hoo
1111 3950 1223 3995 revera
1241 3933 1286 3994 ad

185 4031 368 4095 secuudum
387 4032 531 4093 revocari
550 4040 667 4113 potest.
685 4033 776 4096 Tunc
792 4032 881 4093 enim
895 4030 1066 4094 relationis
1083 4029 1288 4093 tundamen-
