2792 4600
394 511 565 600 LIBER
599 512 857 603 TERTIUS.

537 706 665 770 canor
688 707 714 770 1.

441 870 475 910 DE
495 871 597 914 unsrun
616 872 815 914 renunculorum

529 1027 691 1073 innocuus
707 1030 730 1074 ι.

470 1158 668 1240 Perfeetionis
688 1164 784 1224 notio.

126 1305 195 1369 5⁹25.
221 1306 401 1370 Perfectum
419 1327 456 1369 ex
476 1308 505 1370 vi
529 1310 674 1371 nominis
690 1320 738 1371 est
754 1309 785 1370 id
802 1308 891 1389 quod
907 1306 1004 1388 plene
1018 1317 1115 1385 atquc
1130 1324 1169 1368 ex

40 1424 43 1475 l
93 1409 210 1486 integro
229 1406 425 1482 factumest,
443 1407 486 1469 ita
510 1417 545 1469 ut
560 1408 722 1488 quidquid
740 1426 790 1469 res
806 1408 861 1468 illa
878 1421 945 1470 erat
961 1409 994 1467 in
1010 1404 1168 1486 potentia,

94 1504 126 1568 ad
141 1515 248 1567 actum
261 1505 433 1567 reductum
449 1506 501 1569 sit.
513 1506 575 1570 Sed
590 1506 655 1585 jam
670 1524 727 1586 per
742 1505 917 1587 quamdam
934 1504 1167 1577 extensionem,

94 1603 267 1666 effectionis
292 1602 364 1665 idea
390 1622 454 1665 non
481 1615 612 1680 attenta,
631 1604 763 1684 perlecti
792 1604 926 1665 nomine
951 1600 1172 1664 communiter

96 1700 304 1780 intelligimus
330 1702 493 1783 quidquid
520 1713 625 1765 actum
652 1704 853 1783 completum
882 1702 988 1775 habet,
1005 1718 1123 1780 nempe
1138 1701 1171 1760 td

94 1819 171 1860 enne
183 1800 235 1861 cni
250 1801 330 1861 nidd
343 1803 420 1862 deest
440 1820 555 1873 eornm,
571 1821 636 1880 qnae
649 1790 712 1882 ipsi
726 1801 829 1862 debent
848 1803 941 1861 inesse
954 1801 996 1860 od
1009 1798 1074 1879 ejcss
1088 1816 1170 1859 com·
1246 1816 1249 1821 ¹

91 1899 276 1979 plenentnm.
294 1898 332 1961 lit
346 1901 414 1961 haec
429 1902 520 1963 notio
536 1910 600 1961 tam
616 1900 732 1962 creatis
748 1901 890 1973 entibus,
907 1916 1005 1980 quam
1026 1896 1099 1961 Enti
1118 1896 1168 1958 in·

40 2046 41 2051 ,
94 2009 201 2070 creato,
220 1999 654 2079 quanquamdiversimode,
672 2003 835 2063 convenit.
1040 2056 1043 2061 ,

129 2095 301 2160 Realitates
316 2098 412 2160 variae
427 2099 493 2160 sive
509 2099 696 2162 essentiales
711 2099 869 2174 sivenon,
883 2097 1002 2178 quaein
1017 2108 1090 2157 ente
1101 2112 1171 2157 esse

97 2195 215 2272 debent,
234 2207 270 2259 ut
293 2196 471 2275 perlectum
497 2198 550 2275 sit,
564 2198 712 2278 partiales
740 2198 809 2276 ejus
832 2196 1026 2278 perfectiones
1048 2192 1170 2256 consti·

97 2306 197 2371 tuunt;
215 2295 401 2359 realitatum
416 2316 492 2360 vero
506 2296 641 2360 istarum
654 2298 806 2360 cumulus
816 2295 1026 2377 perfectionem
1038 2291 1182 2358 totalem

130 2392 198 2457 526.
223 2394 261 2456 ln
281 2396 376 2458 rebus
403 2395 505 2458 linitis
531 2399 616 2474 (nam
644 2396 685 2457 de
716 2394 915 2474 perfectione
941 2393 1025 2455 entis
1052 2392 1172 2455 infiniti

99 2491 178 2569 aliast
204 2503 311 2573 potest
338 2493 476 2555 ulterius
503 2494 634 2573 perlecti
660 2494 744 2557 ratio
770 2493 923 2574 explicari
946 2493 981 2553 in
1001 2492 1117 2555 ordine
1132 2490 1173 2552 ad

99 2591 198 2655 linem.
215 2594 345 2657 Etenim
361 2613 418 2657 ens
433 2596 710 2676 complementum
728 2596 846 2658 habere
862 2605 967 2676 potest
982 2604 1047 2656 tam
1060 2611 1174 2656 secun·

101 2692 169 2752 dum
186 2711 256 2754 esse
273 2693 456 2772 proprium,
474 2711 571 2773 quam
598 2694 778 2755 secundum
796 2702 918 2755 naturae
946 2693 1087 2774 propriae
1103 2703 1173 2754 ten·

101 2790 245 2855 dentiam.
272 2792 454 2856 Perfectum
481 2794 581 2873 igitur
605 2791 728 2872 duplici
755 2792 854 2855 modo
880 2792 1019 2872 intelligi
1048 2809 1084 2853 ac
1107 2790 1171 2852 dici

89 2881 211 2966 'poterit
227 2906 235 2953 :
253 2909 372 2970 nempe
388 2891 422 2960 id
437 2892 490 2952 cui
508 2892 591 2953 nihil
607 2893 707 2964 deest,
724 2892 813 2971 quod
837 2891 952 2953 debeat
978 2891 1040 2970 ipsi
1069 2891 1175 2952 inesse

102 2986 135 3047 ad
150 2987 216 3066 ejus
231 2989 521 3068 complementum,
538 2989 586 3050 vel
615 2990 795 3051 secundum
817 3007 886 3051 esse
902 2989 971 3070 ejus
987 2990 1171 3070 proprium,

103 3085 144 3146 vel
158 3086 336 3149 secundum
352 3088 533 3149 naturalem
550 3086 805 3148 inclinationem.
824 3086 884 3148 Sed
908 3087 1063 3149 naturalis
1080 3087 1186 3148 incii-·

104 3184 182 3247 natio
202 3186 295 3247 entis
312 3185 471 3265 cujusque
486 3195 533 3247 est
547 3186 586 3246 ad
603 3185 702 3246 tinem
718 3184 819 3262 nom
846 3194 877 3247 et
900 3185 969 3246 haec
993 3184 1179 3264 completur

40 3307 41 3310 ¹
105 3284 296 3345 assecutione
312 3283 398 3346 linis.
412 3282 489 3355 Quae
502 3300 576 3345 vcro
593 3284 658 3345 enti
677 3282 784 3345 inesse
799 3282 929 3356 debent,
948 3293 982 3345 ut
998 3282 1178 3345 secundum

107 3400 167 3444 csse
182 3385 351 3466 proprium
365 3384 407 3446 sit
421 3376 631 3464 completum,
649 3402 685 3445 ea
701 3394 777 3445 sunt
792 3402 850 3464 per
865 3402 937 3464 quae
950 3383 1006 3445 fini
1020 3402 1080 3447 suo
1095 3402 1179 3447 asse·

108 3484 227 3562 quendo
251 3492 361 3565 aptum
388 3483 539 3547 efficitur.
558 3485 611 3548 list
638 3483 738 3561 igitur
765 3483 942 3562 perlectum
965 3486 996 3546 l⁰
1010 3502 1068 3544 ens
1091 3484 1178 3563 quod

109 3580 194 3642 linem
207 3583 390 3663 assequitur
400 3600 407 3645 :
417 3582 450 3644 2⁰
463 3600 521 3643 ens
533 3594 643 3662 aptum
657 3582 714 3643 tini
728 3582 942 3662 assequendo.
958 3580 1069 3644 Primo
1081 3582 1179 3644 modo

111 3681 258 3757 perlectus
274 3690 321 3744 est
336 3702 365 3744 v.
381 3699 430 3761 gr.
449 3682 548 3744 homo
563 3682 620 3761 qui
643 3680 794 3742 beatitate
823 3683 944 3760 potitur
959 3688 1090 3754 esterna,
1108 3700 1180 3761 quae

112 3788 152 3839 est
165 3780 305 3843 hominis
321 3782 395 3843 finis
410 3797 418 3844 ε
435 3781 537 3843 altero
560 3780 657 3843 modo
684 3781 847 3859 perlectus
874 3789 921 3842 est
950 3781 1049 3843 homo
1066 3782 1121 3860 qui
1141 3780 1181 3841 iis

113 3880 253 3943 omnibus
275 3880 481 3943 facultatibus
505 3883 681 3943 instructus
697 3890 756 3953 est,
774 3880 892 3958 quibus
911 3880 1052 3940 humana
1069 3890 1183 3940 natura

116 3980 319 4054 constituitur,
336 3990 368 4039 et
383 3978 458 4039 finis
473 3978 521 4040 sni
538 3976 733 4058 assequendi
749 3993 848 4055 capax
866 3975 1017 4036 eflicitur.

40 4165 42 4220 l
