2792 4600
454 366 541 412 ursan
563 366 705 428 quantos,
731 353 827 411 carun
844 367 878 411 u.
1153 346 1213 409 tte

125 495 195 540 rum
204 463 370 558 spirituum
382 498 458 558 optas
470 498 540 554 ease,
557 497 611 541 nec
622 480 793 541 corumdem
804 480 981 542 interuentu
992 476 1096 560 effecta
1107 478 1212 558 fuisse

167 574 235 636 lloc
251 574 471 639 indubitatum
492 579 564 651 erit,
583 579 844 658 quotiescunque
862 588 951 639 certo
965 586 1102 651 constet,
1130 595 1214 657 opus

127 672 242 754 dequo
253 674 370 754 agitur,
383 667 432 735 rel
446 676 588 756 simplici
603 685 691 739 motu
708 675 816 749 locali,
833 676 880 737 vel
893 694 948 754 per
960 675 1213 760 applicationem

125 771 265 851 alicuius
280 773 404 852 agentis
417 775 575 836 naturalis
587 775 669 838 effici
684 794 750 838 non
764 794 870 856 posse,
884 784 920 838 ut
932 794 960 838 v.
977 792 1026 856 gr.
1040 781 1167 838 constat
1179 774 1213 836 in

125 872 246 933 mortui
264 870 414 932 advitam
432 871 551 935 reditu.

166 967 239 1032 tta.
256 966 417 1042 Quoniam
433 979 541 1032 autem
557 970 597 1032 de
613 971 676 1032 hoc
687 989 761 1034 raro
777 982 925 1034 constare
938 972 1068 1051 poterit,
1088 970 1212 1032 idcirco

123 1086 191 1131 uon
219 1069 326 1131 solum
357 1068 476 1132 iactum
501 1069 778 1133 considerandum
804 1080 862 1144 est,
886 1068 942 1133 sed
966 1072 1107 1130 maxime
1137 1068 1212 1131 lacti

122 1166 287 1247 adiuncta,
315 1184 352 1229 ac
368 1167 564 1230 nominatim
583 1187 727 1250 operans,
754 1169 903 1250 operandi
931 1168 1039 1230 modus
1068 1185 1105 1230 ac
1125 1167 1211 1248 find.

62 1315 64 1318 .
122 1267 259 1346 Semper
273 1266 361 1329 enim
377 1285 415 1327 ex
434 1268 551 1329 horum
568 1267 842 1342 consideratione,
858 1267 935 1330 mali
949 1266 1085 1348 spiritus
1100 1283 1213 1348 opera-

122 1364 249 1428 tionem
264 1383 463 1444 cognoscere
478 1366 610 1428 dabitur
623 1366 706 1444 (too,
722 1366 780 1446 4⁰).

165 1465 196 1539 ui
211 1462 244 1526 Si
268 1464 515 1543 thaumaturgus
539 1466 612 1544 pius
632 1477 701 1539 est,c
714 1476 746 1527 et
769 1465 915 1528 honestis
936 1466 1098 1538 moribus,
1122 1473 1153 1528 et
1171 1464 1211 1526 ab

121 1561 213 1623 omni
239 1561 352 1625 fraude
371 1563 510 1639 alicnus,
530 1564 745 1646 humanaeque
772 1565 884 1645 gloriae
905 1582 971 1628 nou
988 1573 1036 1626 est
1052 1572 1209 1644 captator,

121 1659 179 1720 sed
198 1658 340 1723 demisso
361 1661 471 1723 animo
487 1680 523 1724 ac
554 1662 712 1738 modesto,
734 1665 794 1726 hoc
816 1664 940 1727 indicio
957 1664 1018 1724 erit
1034 1679 1108 1724 eum
1133 1661 1210 1723 mali

120 1758 257 1837 spiritus
279 1759 404 1822 artibus
436 1779 501 1823 uon
523 1761 671 1842 operari3
688 1763 714 1824 si
743 1773 868 1835 contra,
890 1762 1036 1841 suspicio
1067 1761 1212 1840 legitima

121 1853 206 1916 oriri
224 1856 355 1936 poterit.

163 1951 191 2030 ot
207 1955 243 2018 ln
259 1954 417 2036 operandi
449 1957 559 2034 modo,
584 1976 685 2039 quum
703 1960 779 2038 quis
807 1960 861 2023 Dei
887 1959 1021 2022 nomine
1042 1965 1208 2038 operatur,

119 2053 207 2115 nihil
222 2056 368 2135 estquod
383 2073 448 2118 non
462 2058 504 2118 sit
517 2058 704 2133 honestum,
720 2076 826 2138 grave,
840 2059 980 2139 sapiens,
996 2057 1130 2137 plenum
1144 2056 1211 2138 pic·

120 2153 197 2215 tatis
210 2161 307 2232 atque
317 2154 541 2218 humanitatis.
556 2155 617 2220 Ubi
631 2167 738 2219 autem
752 2156 842 2219 vides
852 2158 1037 2230 inhonesta,
1047 2154 1209 2229 obscaena,

39 2327 42 2331 ἦ
121 2249 275 2327 ridicula,
287 2270 378 2328 vana,
393 2254 628 2333 superstitiosa,
644 2256 803 2332 crudelia,
819 2256 864 2319 ibi
878 2266 965 2319 certe
981 2273 1040 2318 nec
1054 2254 1138 2318 Deus
1151 2263 1210 2328 est,

121 2367 185 2412 nec
201 2349 308 2413 bonus
323 2353 470 2431 angelus.

164 2452 191 2526 c)
208 2447 348 2520 Quinam
364 2451 430 2512 sint
447 2451 678 2514 miraculorum
698 2451 792 2526 lines,
810 2468 908 2531 supra
924 2451 1047 2513 dictum
1063 2461 1111 2513 est
1126 2449 1210 2528 (446,
1267 2438 1270 2443 ¹

122 2550 207 2627 seq.)
227 2547 306 2628 ;qui
337 2547 419 2610 lines
435 2567 550 2610 omnes
566 2549 603 2610 ad
621 2550 677 2612 Dei
706 2549 856 2629 gloriam,
874 2559 1028 2629 tanquam
1058 2549 1096 2609 ad
1114 2548 1212 2610 linem

124 2646 292 2721 ultimum,
323 2648 538 2712 reducuntur.
555 2650 587 2712 Si
605 2648 735 2715 effectus
760 2647 920 2711 mirabilis
937 2648 1003 2710 huc
1024 2655 1158 2727 spectat,
1176 2664 1213 2708 ac

123 2755 240 2808 catera
256 2762 322 2807 non
346 2745 465 2821 desint,
484 2764 550 2808 non
568 2748 630 2809 erit
647 2746 783 2827 maligni
800 2747 937 2827 spiritus
952 2747 1111 2825 operatio.
1128 2745 1168 2808 At
1183 2745 1211 2806 si

123 2843 201 2924 quis
216 2844 365 2906 effectum
382 2846 567 2908 mirabilem
585 2847 623 2908 ad
641 2845 808 2926 propriam
831 2846 981 2926 gloriam,
1000 2854 1054 2907 aut
1070 2844 1211 2917 lucrum,

123 2941 234 3006 autad
252 2943 403 3006 humanae
418 2945 617 3007 curiositatis
634 2946 804 3025 pabulum,
821 2954 876 3007 aut
894 2944 934 3006 ad
951 2961 1082 3007 morum
1098 2961 1212 3007 corru-

124 3042 285 3122 ptionem,
299 3051 354 3104 aut
365 3042 405 3104 ad
423 3042 589 3106 doctrinas
603 3043 772 3105 manifeste
786 3043 916 3123 impias,
929 3042 1100 3118 absurdas,
1119 3041 1213 3105 falsas

112 3141 367 3205 confirmandas
393 3140 525 3221 dirigat,
557 3142 610 3205 hic
635 3152 722 3204 certe
744 3143 793 3203 vel
816 3152 884 3205 arte
910 3141 1045 3222 propria
1066 3141 1116 3203 vel
1132 3139 1211 3202 mali

125 3238 286 3302 daetnonis
300 3256 367 3303 arte
383 3249 549 3321 operatur.
952 3238 954 3245 '

167 3340 238 3403 475.
262 3338 328 3402 Nec
344 3328 466 3402 mirum
492 3341 652 3416 videatur,
670 3341 697 3401 si
719 3339 757 3399 ad
787 3338 1042 3419 dignoscendam
1061 3337 1210 3425 miraculi

126 3438 301 3518 originem,
321 3439 469 3503 doctrina
492 3441 526 3501 iu
542 3440 634 3520 cujus
650 3438 931 3502 confirmationem
949 3437 1032 3500 illud
1048 3437 1094 3511 fit,
1111 3446 1213 3499 atton·

127 3536 234 3599 denda
251 3556 321 3599 csse
342 3522 476 3611 dicitur,
505 3555 580 3600 cum
610 3549 717 3599 tamen
739 3535 934 3599 miraculum
965 3536 1003 3596 ad
1029 3535 1212 3598 doctrinam

127 3635 385 3698 confirmandam
407 3635 615 3698 adhibeatur:
647 3635 751 3701 Aliter
766 3633 855 3695 enirn
887 3633 1035 3695 doctrina
1060 3632 1211 3695 miraculi

127 3734 295 3797 criterium
313 3745 372 3810 est,
388 3736 482 3797 aliter
506 3735 703 3797 miraculum
720 3733 887 3795 doctrinae.
906 3731 1043 3804 Quando
1064 3732 1214 3794 doctriua

129 3833 248 3913 inspici
262 3832 368 3906 debet,
386 3836 426 3895 ad
437 3833 650 3915 judicandum
665 3833 706 3894 de
718 3831 892 3905 miraculo,
905 3848 971 3893 non
986 3830 1167 3911 requiritur
1178 3839 1215 3891 ut

127 3942 252 3997 constet
267 3933 364 3996 uobis
381 3933 420 3994 dc
436 3934 506 4012 cius
524 3933 732 4006 veritate,aut
749 3930 788 3991 de
805 3930 915 3992 divina
930 3930 1072 4009 origine,
1089 3930 1145 3993 sed
1162 3947 1213 3993 so·

129 4031 196 4096 lum
213 4042 250 4096 ul
264 4041 400 4106 constet,
422 4051 489 4094 eam
501 4051 589 4114 poete
610 4049 669 4093 aare
685 4046 799 4104 aarum,
823 4044 879 4090 nec
894 4045 1072 4113 repugnare¹
1085 4034 1120 4090 att
1136 4026 1176 4089 til
1194 4046 1214 4089 u
