2792 4600
478 282 707 341 tirunculum,
731 282 823 329 enum
844 284 874 328 v.
1108 272 1110 277 '
1171 270 1213 335 59
1325 276 1327 280 “

162 395 196 459 2⁰
218 398 281 462 Res
304 415 376 477 quaa
392 396 481 459 falsae
497 397 664 473 dicuntur,
682 414 750 460 non
766 398 923 462 dicuntur
939 399 1026 463 falsae
1046 400 1209 482 simplici·

119 503 182 571 ter,
200 496 278 576 quia
303 489 500 578 slmpliciter
525 513 608 558 verae
623 503 712 573 sunt,
729 495 785 558 sed
803 498 1013 561 solummodo
1044 503 1211 563 secundnm

120 595 214 675 pnid;
230 593 380 657 videlicet
392 593 574 656 secundum
586 591 620 653 id
634 592 723 673 quod
741 609 807 656 non
823 602 910 658 sunt.
921 594 1213 660 PraeclareS.Tho-

123 710 219 757 mas:
246 716 261 753 e
285 695 348 759 Res
363 701 550 774 comparata
576 692 616 755 nd
634 691 851 769 intellectum,
869 695 1051 756 secundum
1074 696 1107 757 id
1124 696 1214 778 quod

126 812 142 848 e
165 799 225 865 est,
244 790 366 854 dicitur
378 809 469 867 vera;
484 790 665 854 secundum
679 790 713 851 id
726 791 815 871 quod
830 809 897 854 non
911 804 970 867 est,
983 793 1106 856 dicitur
1121 796 1214 859 saiso.

127 907 142 944 ι
166 887 260 953 Unde
273 906 363 957 cerna
388 889 540 969 trapoedns
552 895 594 949 est
606 885 706 967 fatens
718 887 839 964 Hector,
857 897 892 951 ut
904 888 1027 951 dicitur
1039 890 1074 951 in
1089 890 1122 951 2⁰
1137 891 1216 953 soli·
1251 941 1253 947 .

125 1006 143 1065 ᾳ
165 986 233 1066 loq.
250 986 343 1049 Siout
358 987 458 1068 igitur
471 987 505 1048 in
524 986 574 1049 his
590 996 755 1067 quaesunt
772 988 938 1050 invenitur
953 988 1120 1069 quoddam
1146 1007 1214 1068 non

127 1107 143 1144 r
166 1104 249 1162 esse,
267 1085 311 1150 ita
327 1086 362 1148 in
378 1086 431 1150 his
447 1104 520 1167 quae
542 1095 619 1149 sunt
640 1086 808 1150 invenitur
823 1087 972 1167 quaedam
995 1089 1079 1151 ratio
1095 1088 1216 1151 saisita«

130 1204 144 1241 e
168 1184 210 1246 tis
226 1184 276 1263 (t).
301 1205 316 1244 n
1133 1262 1135 1265 ι

165 1282 201 1344 5⁰
215 1282 285 1347 Non
302 1290 411 1346 tamen
427 1282 608 1347 secundum
624 1300 724 1346 omne
734 1283 773 1353 id
790 1284 879 1365 quod
895 1293 1035 1361 nonest,
1052 1302 1116 1360 res,
1130 1285 1213 1348 dici·

125 1390 180 1445 tur
194 1380 277 1443 falsa
291 1381 377 1461 (quis
393 1381 483 1443 enim
509 1381 596 1444 dicat
611 1383 716 1444 solem
731 1382 849 1446 salsum
875 1383 1058 1459 hominem,
1076 1392 1131 1446 aut
1146 1385 1215 1447 ieo-

125 1498 202 1543 nem
220 1480 337 1543 falsum
349 1480 563 1560 argentumii,
574 1481 632 1542 sed
645 1481 988 1545 duntaxatsecundum
1006 1482 1216 1563 idquodnon

126 1588 187 1654 est,
204 1587 236 1642 et
251 1579 340 1660 quod
354 1579 522 1658 judicatur
538 1581 677 1654 esse,vel
692 1580 834 1657 jndicari
850 1589 973 1662 potest‚·
989 1582 1171 1661 praesertim
1187 1584 1215 1644 si

126 1695 202 1738 cum
219 1694 258 1740 eo
281 1677 370 1758 quod
384 1677 552 1758 judicatur
567 1696 648 1753 esse,
668 1678 926 1758 similitudinem
951 1680 1079 1743 habeat.
1094 1680 1218 1742 Audia-
1310 1701 1314 1707 ’

126 1783 182 1838 tur
196 1776 316 1839 iterum
329 1778 363 1840 S.
379 1775 520 1840 Thomas
537 1793 546 1840 :
567 1800 581 1834 α
596 1777 749 1838 Innatum
765 1785 813 1839 est
827 1778 924 1840 nobis
939 1796 1057 1859 perca,
1073 1797 1146 1859 quae
1161 1798 1217 1842 ex-

129 1896 144 1931 «
170 1885 273 1937 terius
288 1884 458 1955 apparent,
476 1875 516 1935 de
531 1874 630 1936 rebus
643 1874 803 1954 judicare,
816 1891 856 1937 eo
872 1875 962 1956 quod
977 1884 1087 1939 nostra
1102 1878 1216 1957 cogni·

57 2024 60 2027 .
130 1993 145 2031 e
169 1972 216 2035 tio
228 1990 246 2034 a
258 1990 356 2036 sensu
368 1981 477 2035 ortum
493 1972 589 2035 habet
605 1972 662 2053 qui
677 1974 785 2054 primo
797 1982 829 2036 et
841 1992 900 2054 per
911 1992 945 2037 se
958 1984 1005 2037 est
1016 1976 1217 2039 exteriorum

131 2092 145 2129 e
170 2070 390 2151 accidentium
407 2089 416 2133 ι
432 2070 507 2134 ideo
524 2066 561 2132 ea
583 2089 656 2152 quae
686 2071 720 2134 in
747 2072 965 2136 exterioribus
990 2073 1217 2138 accidentibus

131 2190 147 2226 ι
173 2168 295 2230 hahent
309 2168 564 2231 similitudinem
581 2170 722 2232 aliarum
737 2187 861 2245 rerum,
879 2170 1036 2233 dicuntur
1050 2190 1120 2234 esse
1133 2167 1216 2233 ¹falsa

63 2325 65 2330 ,
130 2289 145 2327 e
169 2267 354 2331 secundum
370 2267 443 2329 illas
454 2285 506 2330 res
523 2284 531 2332 :
549 2267 639 2330 sicut
652 2259 696 2331 nt
713 2277 760 2331 est
773 2269 890 2333 falsum
907 2269 984 2346 met,
1002 2278 1033 2333 et
1052 2279 1217 2335 stamnum

130 2390 145 2427 ι
171 2376 221 2429 est
235 2368 352 2430 ialsum
368 2375 540 2454 argentum
556 2371 605 2447 (a).
630 2390 645 2426 a

169 2466 203 2529 4⁰
224 2467 359 2530 Falsitas
374 2468 409 2530 in
427 2468 526 2530 rebus
552 2468 636 2530 nihil
653 2477 720 2544 est;
738 2468 780 2532 iis
796 2468 886 2532 enim
912 2468 1070 2533 tribuitur
1093 2469 1216 2536 solnm·

126 2565 230 2629 modo
244 2575 406 2647 quatenus
433 2585 500 2631 non
515 2576 603 2632 aunt
628 2569 726 2643 entia,
744 2576 776 2630 et
791 2586 851 2649 per
875 2568 1153 2650 comparationem
1176 2570 1217 2630 ad

126 2674 325 2752 conceptum
339 2655 485 2748 aliquem
502 2666 701 2730 intellectus.

546 2829 711 2877 annicetus
743 2830 791 2877 ut.

569 2945 780 3009 Theoremato.

171 3073 244 3138 118.
262 3074 443 3137 Pnorosrrro
458 3074 484 3140 1.
498 3074 554 3137 Est
567 3076 601 3136 in
612 3076 698 3137 rebus
709 3075 822 3138 neriam
836 3074 1070 3154 independenter
1084 3095 1105 3137 c
1119 3076 1218 3139 nostri

127 3174 296 3236 intellectus
308 3174 492 3254 capnitione.
719 3185 722 3190 ·

171 3273 234 3336 Res
258 3271 347 3334 enim
363 3289 421 3351 per
436 3289 471 3333 se
486 3287 523 3332 ac
539 3269 767 3351 principaliter
780 3269 950 3335 veritatem
967 3270 1090 3334 habent
1104 3289 1220 3335 secun·

130 3369 209 3432 dum
225 3368 379 3431 ordinem
395 3368 436 3429 ad
453 3368 654 3430 intellectum
671 3367 833 3441 divinum,
848 3375 1009 3447 quatenus
1022 3368 1071 3430 ilii
1085 3370 1217 3432 contor-

130 3478 281 3544 mentun
304 3484 442 3548 eamque
469 3467 590 3528 habent
614 3465 877 3546 independenter
899 3484 1036 3546 prorsus
1063 3485 1081 3528 a
1109 3476 1219 3532 nostra

131 3567 333 3648 cognitione.

172 3667 333 3728 Praeterea
348 3662 546 3743 illaquoque
559 3661 677 3725 veritas
686 3680 759 3741 quae
774 3671 925 3742 respectu
940 3663 1075 3726 humani
1090 3664 1218 3728 intelle·

131 3771 200 3825 ctus
211 3763 314 3825 rebus
329 3759 772 3841 tribuitur‚independenter
785 3760 826 3821 ab
838 3754 957 3823 actuali
973 3761 1160 3841 cognitione
1176 3764 1217 3826 iis

158 3912 189 3965 tt)
206 3908 300 3973 Sumne.
312 3907 344 3953 th.
355 3920 377 3966 p.
389 3905 412 3964 1,
422 3919 445 3966 q.
458 3905 589 3954 XVILart.
601 3903 659 3952 Lad
670 3909 692 3949 1.

158 3971 190 4024 (tit
206 3970 257 4013 Art.
269 3973 312 4012 cit.
322 3977 344 4012 c.
1045 4038 1059 4078 ὅ
