2792 4600
27 260 29 347 l

1145 206 1151 217 ο

449 268 536 314 rinna
557 269 719 333 saeptum,
742 269 834 314 ctrur
854 270 883 314 v.
951 246 953 253 '
1157 253 1220 315 lli

123 379 208 458 sico,
224 381 344 463 dequo
361 397 450 445 nunc
464 382 602 462 agimus,
621 383 712 463 prius
728 394 775 445 est
790 403 849 447 suo
866 383 1064 464 principiam
1079 386 1128 448 vel
1144 397 1219 449 tcm-

119 498 199 559 pere
209 480 259 542 vel
273 487 391 543 natura
406 478 455 541 vel
468 479 584 542 saltem
599 480 731 560 eripite.

166 577 327 660 Tempore
350 579 442 658 prius
464 578 567 640 estid
590 578 677 658 qaod
706 577 815 639 existit
840 578 943 642 altero
969 580 1120 665 nundum
1148 581 1219 643 exi·

125 684 244 741 stente.
262 676 317 740 Sic
332 676 509 757 Philippus
525 674 587 738 luit
602 676 788 738 Alexandro
802 676 906 756 prior.

167 775 289 840 Natura
305 774 397 856 prius
415 774 512 837 estid
529 792 546 837 a
563 776 656 854 cujus
672 774 843 837 existentia
860 775 1024 856 dependet
1044 776 1218 840 existentia

27 858 28 863 ἵ
125 873 276 949 alterius,
293 872 382 955 quud
396 891 455 955 per
469 876 504 936 s'e
519 873 627 954 impar
641 872 811 937 existendo
827 874 880 935 sit.
895 873 983 952 iguis
995 893 1024 936 v.
1038 893 1086 955 gr.
1102 883 1151 937 est
1162 893 1217 937 na·

124 981 199 1034 tura
214 972 306 1053 prior
317 973 535 1054 calorequem
548 972 716 1049 diffundit,
727 973 804 1036 licet
816 991 882 1035 non
896 982 1043 1051 tempore
1053 991 1060 1036 :
1072 973 1224 1054 itemque·

124 1070 522 1151 actusquilibetinternus
537 1072 631 1151 prior
642 1083 690 1134 est
703 1078 817 1134 natura
830 1072 948 1135 intiuro
962 1090 1071 1146 sensu,
1082 1089 1148 1152 quo
1161 1072 1218 1134 ille

123 1167 163 1231 ut
178 1167 280 1230 menti
298 1186 454 1251 praesens.

168 1266 304 1347 Origine
319 1265 450 1329 tandem
466 1267 535 1330 sola
552 1267 644 1348 prius
659 1276 707 1330 est
732 1268 765 1329 id
789 1286 807 1330 a
829 1287 896 1348 quo
910 1268 1038 1353 aliquid
1056 1267 1216 1349 procedit,

122 1366 210 1447 quin
225 1374 333 1428 tamen
350 1350 499 1428 naturam
518 1375 551 1428 et
570 1365 778 1428 existentiam
803 1367 918 1430 lrabeat
933 1385 950 1429 a
967 1366 1075 1448 primo
1093 1367 1217 1449 drpcn·

122 1467 272 1529 dentem.
289 1464 375 1527 Talis
391 1464 545 1546 prioritas
565 1465 650 1528 inter
676 1465 804 1527 divinas
830 1465 1040 1529 solummodo
1061 1482 1218 1546 personas

27 1560 28 1563 ’
124 1564 239 1628 locum
258 1563 366 1639 habet.

103 1738 106 1745 Ι
167 1661 242 1727 256.
264 1661 495 1724 Animadverte
512 1662 543 1724 l⁰
559 1679 661 1725 unum
677 1662 781 1725 altero
807 1662 899 1743 prius
925 1680 995 1725 esse
1016 1679 1111 1744 posse
1134 1671 1218 1724 tem·

125 1779 208 1844 pore
223 1779 290 1824 non
306 1771 414 1824 antem
430 1769 556 1837 natura,
573 1771 609 1823 ut
621 1780 651 1824 v.
668 1779 716 1841 gr.
736 1761 879 1842 Babylon
903 1761 964 1823 luit
985 1763 1088 1825 Roma
1105 1762 1217 1843 prior;

125 1860 177 1923 vel
193 1877 380 1923 econverso
395 1867 511 1921 natura
526 1877 592 1922 non
608 1872 768 1939 tempore,
783 1870 818 1922 ut
830 1860 916 1940 ignis
929 1870 960 1922 et
974 1860 1083 1937 calor;
1096 1879 1133 1922 ac
1146 1874 1219 1922 tan-

128 1958 203 2020 dem
220 1965 250 2018 et
266 1967 413 2036 tempore
428 1966 460 2016 et
475 1966 602 2032 natura,
619 1968 655 2018 ut
670 1957 783 2020 artifex
800 1975 900 2037 opere
917 1976 989 2022 suu.

167 2057 202 2119 2⁰
217 2054 423 2118 Prioritatem
437 2065 501 2117 tam
514 2064 638 2118 naturae
650 2073 749 2136 quam
761 2057 920 2136 temporis
933 2058 966 2118 in
981 2064 1119 2137 utroque
1132 2066 1217 2119 statu

128 2154 242 2217 haberi
260 2171 365 2234 pesse,
383 2155 518 2234 physico
545 2166 576 2217 et
602 2155 714 2219 ideali.
732 2157 767 2218 V.
784 2173 832 2235 gr.
851 2156 969 2219 albedo
994 2164 1108 2218 natura
1125 2155 1219 2234 prior

125 2260 176 2316 est
188 2253 221 2314 in
233 2261 318 2315 statu
332 2252 467 2333 physico
480 2253 640 2318 relatione
651 2253 884 2317 similitudinis
898 2254 951 2317 cui
965 2253 1217 2316 laudamentum

126 2353 292 2434 impertit;
310 2353 430 2416 sanitas
445 2362 552 2416 autem
570 2362 684 2415 natura
702 2353 793 2433 prior
804 2364 852 2417 est
865 2355 981 2416 haustu
996 2353 1163 2433 pharmaci
1181 2355 1216 2415 in

125 2452 246 2516 ordine
262 2455 366 2517 solnm
384 2453 495 2517 ideali.

168 2552 202 2613 5⁰
217 2552 301 2614 Hinc
312 2552 401 2614 vides
415 2551 448 2612 id
462 2551 551 2632 quud
565 2552 656 2616 aliud
672 2553 705 2614 in
720 2570 788 2616 uno
800 2552 918 2616 ordine
929 2549 1112 2626 antevertit,
1122 2568 1219 2631 pesse

126 2670 202 2714 esse
213 2651 262 2713 illi
277 2652 439 2731 posterius
451 2652 486 2713 in
498 2652 616 2715 ordine
627 2652 874 2716 altero.Sanitas
882 2661 930 2715 est
939 2651 1031 2733 prior
1040 2652 1219 2733 pharmaco

31 2801 35 2810 .
130 2752 164 2812 iu
180 2750 299 2814 ordine
315 2749 426 2824 ideali,
444 2751 607 2832 posterior
623 2752 683 2815 illo
700 2753 733 2814 in
751 2751 868 2815 ordine
889 2750 982 2815 reali.

126 2925 130 2931 .
164 2847 199 2909 4⁰
219 2847 487 2928 Quotiescunque
503 2849 708 2930 principium
721 2849 844 2912 dicitur
855 2859 1004 2930 tempore
1017 2849 1111 2930 prius
1124 2847 1218 2929 prin·

127 2946 259 3027 cipiato,
269 2946 303 3007 id
317 2947 567 3026 intelligendum
575 2959 624 3011 est
635 2950 676 3010 de
686 2949 851 3029 principio
864 2958 898 3011 ut
911 2959 959 3011 est
967 2948 1134 3029 quoddam
1143 2964 1215 3021 ens,

128 3062 192 3109 non
207 3062 284 3106 rere
304 3045 346 3106 de
367 3044 535 3127 principio
561 3045 743 3110 formaliter
769 3046 989 3110 considerato.
1006 3044 1215 3126 Principium

128 3141 212 3205 enim
221 3148 258 3204 ut
265 3142 328 3204 tale
337 3161 403 3205 nou
416 3153 521 3224 potest
532 3146 715 3208 secundum
728 3156 856 3226 tempus
865 3144 1065 3225 principiam
1077 3143 1214 3206 anteire.

131 3238 271 3303 Relativa
287 3242 377 3302 enim
389 3241 488 3304 simul
505 3253 688 3324 ponuntur.

167 3338 239 3403 att.
262 3339 303 3403 Ut
319 3359 532 3436 eorumquae
548 3352 695 3425 tempore
712 3342 810 3406 simul
827 3352 904 3406 sunt
917 3361 984 3407 non
998 3359 1074 3405 vero
1086 3349 1214 3415 natura,
1238 3347 1239 3350 ’

102 3437 356 3538 3suhordinatio
385 3439 453 3521 qna‘
474 3462 545 3506 sese
571 3443 751 3524 excipiunt,
774 3451 848 3523 apte
874 3442 1088 3522 significetur,
1112 3435 1216 3503 unum

132 3534 268 3600 dicimus
285 3558 356 3602 esse
370 3543 405 3603 in
419 3542 509 3623 sipon
522 3554 642 3606 octuroe
661 3543 781 3623 priori‚·
798 3542 936 3605 alterum
952 3543 987 3605 io
1009 3541 1098 3622 aipno
1119 3548 1220 3622 postc-
1315 3566 1318 3572 ·

134 3651 217 3698 nors.

171 3734 222 3797 Est
237 3736 268 3796 in
285 3726 380 3816 signo
395 3746 520 3801 naturae
536 3739 641 3820 priori
658 3747 808 3820 respectu
824 3737 960 3800 alterius
977 3733 1141 3816 quidquid
1159 3751 1216 3795 na·

136 3839 201 3893 tura
216 3833 306 3913 prius
322 3845 370 3898 est
385 3836 463 3914 illo;
478 3837 512 3899 in
524 3838 620 3919 signo
634 3837 809 3919 posteriori
825 3836 913 3916 quud
926 3845 1041 3897 natura
1053 3831 1228 3916 posterius·

137 3938 189 3993 cst.
204 3931 337 4013 Signum
354 3935 506 4022 hocloco
527 3936 615 3999 idem
641 3938 735 4011 valet,
751 3953 789 3998 ac
803 3943 964 4013 conceptus
979 3932 1024 3994 rei
1045 3931 1081 3995 io
1102 3948 1219 4011 couno·
