2792 4600
467 401 554 446 LIBER
576 400 696 458 entitur,
721 401 813 447 CAPUT
836 404 880 449 lll.

570 546 737 596 auriculas
750 551 785 597 u.

542 662 584 723 Dc
603 663 814 744 possibilitate.

172 795 224 859 iit.
249 794 482 860 possibilitatis
508 795 599 859 notio
615 815 654 858 ex
670 796 742 876 ipsa
757 814 867 859 rerum
884 796 1090 860 existentium
1108 795 1226 875 cogni-

129 897 222 960 tione
237 896 421 961 efflorescit.
440 895 609 976 Quidquid
622 898 712 959 enim
728 898 847 972 existit,
867 897 1026 960 existendi
1044 914 1142 976 capax
1160 903 1222 970 est,

131 998 240 1076 prouti
254 995 413 1059 existendi
430 1013 530 1076 capax
545 1003 613 1059 erat
629 1006 805 1076 antequam
818 998 980 1061 existeret.
999 997 1082 1061 ilinc
1099 995 1225 1057 intelli·

128 1093 327 1174 gimusmon
344 1094 377 1156 id
394 1094 502 1158 solum
514 1093 602 1174 quod
612 1103 685 1158 actu
698 1095 818 1168 existit,
836 1095 995 1157 existendi
1010 1094 1222 1175 capacitatem

129 1192 266 1269 habere,
280 1193 334 1255 sed
351 1192 415 1257 alia
426 1210 560 1273 quoque
573 1193 675 1257 multa
690 1213 764 1274 quae
780 1212 846 1256 non
862 1193 1016 1267 existunt,
1030 1194 1068 1254 ad
1084 1193 1224 1254 existen·

127 1291 211 1355 dum
228 1310 297 1354 esse
322 1292 452 1355 idonea.
469 1291 524 1354 Sic
537 1291 767 1372 possibilitatis
781 1310 870 1372 purae
885 1293 1055 1354 notionem
1077 1288 1222 1370 acquiri·

129 1407 221 1469 mus;
241 1391 276 1452 id
293 1391 381 1453 enim
409 1391 499 1472 quod
517 1400 658 1468 nonest,
676 1400 708 1453 et
723 1410 793 1457 esse
819 1399 936 1470 potest,
952 1389 1090 1469 possibile
1106 1405 1224 1469 purum

126 1487 467 1560 dicitur.Quumver0
479 1489 519 1551 de
535 1488 752 1570 possibilibus
760 1489 997 1569 cogitamus‚ac
1013 1486 1115 1551 varias
1132 1484 1223 1547 idea-

127 1604 204 1650 rum
220 1586 482 1650 combinationes
497 1587 720 1668 exsequimur,
738 1587 888 1666 quaedam
903 1587 936 1649 in
955 1585 1006 1647 his
1028 1593 1219 1658 occurrunt,

127 1704 204 1766 qum
219 1687 259 1749 ad
277 1687 482 1750 existentiam
495 1685 648 1750 devenire
663 1703 729 1748 non
747 1703 842 1765 posse
858 1684 1100 1766 cognoscimus.
1113 1681 1152 1744 Et
1167 1702 1222 1744 ex·

129 1786 209 1846 inde
221 1785 498 1865 impossibilitatis
512 1786 604 1848 notio
619 1785 801 1865 consurgit.

170 1882 223 1948 62.
247 1883 454 1946 possibilitas
471 1901 571 1964 porro
588 1883 708 1963 duplex
735 1882 893 1962 distingui
918 1882 1027 1954 debet,
1052 1879 1221 1942 intrinseca

127 1992 162 2047 ct
186 1983 367 2044 extrinseco.
386 1981 445 2045 llla
474 1980 597 2044 dicitur
612 1998 747 2061 quoque
767 1981 908 2060 formalis
934 1978 1132 2051 atriolum,
1151 1976 1221 2037 haec

127 2082 262 2143 causalis
277 2089 308 2142 et
323 2080 465 2142 relatiua.
992 2161 994 2165 ¹

172 2178 377 2243 possibilitas
406 2178 584 2241 intrinseca
598 2189 646 2243 est
660 2181 806 2245 labilitas
823 2181 864 2241 ad
877 2179 1076 2251 existendum,
1093 2184 1163 2237 orto
1177 2192 1217 2233 cr

127 2296 164 2339 co
177 2278 257 2360 quod
270 2279 314 2340 rei
336 2278 532 2341 constitutivo
556 2281 795 2361 repopnontiom
809 2281 850 2342 od
868 2279 999 2342 inuicem
1014 2295 1078 2339 non
1094 2273 1219 2346 inient·

129 2385 167 2439 ut
182 2378 383 2456 possibilitas
395 2387 507 2440 statuae
523 2397 561 2440 ex
576 2397 669 2442 auro.
823 2383 829 2392 ’

174 2475 384 2538 Possibilitas‘
394 2475 574 2538 extrinseca
589 2486 637 2539 est
663 2477 807 2539 labilitas
831 2477 1089 2551 udeaistcndum,
1111 2490 1218 2554 proce-

128 2573 203 2635 dens
217 2592 256 2635 ca
268 2575 379 2637 virtute
390 2591 500 2649 couaoe,
516 2593 582 2654 puoe
599 2576 709 2638 idoneo
723 2577 763 2638 sit
778 2577 896 2638 adrem
919 2573 1163 2656 producendam
1182 2579 1219 2632 ut

129 2691 160 2735 v.
176 2691 227 2752 gr.
245 2673 446 2755 possibilitas
461 2675 640 2736 extrinseca
656 2684 769 2739 statuae
782 2684 829 2739 est
844 2675 884 2737 ab
900 2674 1035 2739 artifice.

171 2770 378 2835 Possibilitas
405 2773 566 2853 odoequute
594 2780 770 2854 utramque
799 2772 1041 2853 complectitur.
1074 2769 1215 2851 Utraque

127 2870 221 2932 euim
233 2870 416 2951 requiritur
427 2870 587 2947 conditio,
601 2881 636 2934 nt
651 2870 1087 2936 eosvenireadexistentiam
1100 2866 1215 2949 possit.

171 2970 255 3033 Huic
267 2970 392 3051 duplici
410 2970 620 3051 possibilitati
630 2971 751 3053 duplex
763 2970 940 3052 respondet
956 2966 1214 3050 impossibilitas.

128 3068 295 3134 Nimirum
327 3070 468 3132 dicimus
499 3070 675 3133 intrinsece
691 3070 899 3151 impossibile
918 3070 965 3144 id,
983 3064 1070 3150 quod
1088 3067 1122 3128 in
1148 3065 1218 3127 suis

130 3168 352 3232 constitutivis
371 3169 667 3233 contradictionem
697 3170 853 3243 continet,
871 3176 907 3230 ut
920 3166 1122 3248 triangulum
1138 3181 1220 3245 qua·

131 3264 335 3328 drilaterum.
353 3266 392 3329 llt
419 3265 488 3328 haee
517 3266 692 3328 intrinseca
721 3266 970 3348 impossibilitas
986 3266 1049 3327 alia
1070 3262 1219 3325 absoluta

128 3364 263 3438 actalia
279 3364 544 3445 hypotheticam
556 3384 595 3428 ex
614 3366 712 3430 dictis
728 3368 762 3429 in
774 3367 891 3447 Logica
907 3364 1074 3446 colligitur
1088 3362 1216 3441 (hill.

127 3459 216 3540 405).
243 3461 431 3525 Extrinsece
454 3463 662 3544 impossibile
677 3476 726 3527 est
742 3466 786 3542 id,
804 3466 843 3528 ad
860 3466 949 3547 quod
967 3461 1217 3547 producendum

132 3559 379 3640 proportionata
394 3578 490 3622 causa
506 3579 572 3624 non
588 3563 690 3626 adest.

172 3656 224 3721 65.
248 3658 453 3724 Possibilitas
468 3659 645 3724 intrinseca
660 3671 708 3725 est
723 3664 873 3740 absoluta,
886 3681 923 3725 ac
936 3661 1058 3723 limites
1074 3676 1139 3722 non
1158 3659 1217 3719 ha·

131 3754 204 3832 het3
222 3756 285 3818 nisi
296 3757 615 3838 contradictionem
632 3761 687 3822 sed
704 3763 883 3825 extrinseca
898 3757 1025 3825 relativo
1038 3767 1084 3824 cst
1100 3775 1108 3825 :
1126 3758 1217 3838 quod

131 3854 221 3917 enim
238 3855 337 3917 unius
353 3874 458 3919 causae
473 3856 557 3920 vires
578 3868 721 3940 superat,
739 3859 873 3922 alterins
901 3877 967 3922 non
997 3864 1129 3940 superat
1147 3873 1154 3918 :
1173 3857 1218 3917 ita

130 3954 220 4034 quod
240 3954 290 4016 illi
307 3954 527 4035 impossibile,
546 3957 624 4020 hnic
640 3959 797 4040 possibile
812 3966 871 4022 est.
899 3959 991 4021 Certe
1017 3957 1128 4021 omnia
1144 3973 1219 4036 quae

129 4049 310 4117 intrinsece
323 4052 492 4134 possibilia
505 4066 593 4132 sunt,
601 4058 815 4120 extrinsecam
824 4074 957 4138 quoque
965 4054 1219 4137 possibilitatem
