<?xml version="1.0" encoding="UTF-8"?>
<!DOCTYPE html PUBLIC "-//W3C//DTD XHTML 1.0 Transitional//EN"
    "http://www.w3.org/TR/xhtml1/DTD/xhtml1-transitional.dtd">
<html xmlns="http://www.w3.org/1999/xhtml" xml:lang="en" lang="en">
 <head>
  <title>
</title>
<meta http-equiv="Content-Type" content="text/html;charset=utf-8" />
  <meta name='ocr-system' content='tesseract 3.04.00' />
  <meta name='ocr-capabilities' content='ocr_page ocr_carea ocr_par ocr_line ocrx_word'/>
</head>
<body>
  <div class='ocr_page' id='page_1' title='image "./institutionesph01tonggoog_0073.png"; bbox 0 0 2792 4600; ppageno 0'>
   <div class='ocr_carea' id='block_1_1' title="bbox 319 341 1193 430">
    <p class='ocr_par' dir='ltr' id='par_1_1' title="bbox 319 341 1193 430">
     <span class='ocr_line' id='line_1_1' title="bbox 319 341 1193 430; baseline -0.006 -23"><span class='ocrx_word' id='word_1_1' title='bbox 319 422 324 430; x_wconf 89' lang='lat'>.</span> <span class='ocrx_word' id='word_1_2' title='bbox 443 360 533 406; x_wconf 78' lang='lat' dir='ltr'>arnan</span> <span class='ocrx_word' id='word_1_3' title='bbox 554 361 675 419; x_wconf 77' lang='lat' dir='ltr'>omnus,</span> <span class='ocrx_word' id='word_1_4' title='bbox 700 359 791 406; x_wconf 85' lang='lat' dir='ltr'>caruv</span> <span class='ocrx_word' id='word_1_5' title='bbox 813 360 854 406; x_wconf 85' lang='lat' dir='ltr'>vv.</span> <span class='ocrx_word' id='word_1_6' title='bbox 1154 341 1193 403; x_wconf 78' lang='grc'>67</span> 
     </span>
    </p>
   </div>
   <div class='ocr_carea' id='block_1_2' title="bbox 27 471 1195 1921">
    <p class='ocr_par' dir='ltr' id='par_1_2' title="bbox 27 471 1195 1921">
     <span class='ocr_line' id='line_1_2' title="bbox 114 471 1195 554; baseline -0.002 -17"><span class='ocrx_word' id='word_1_7' title='bbox 114 472 229 537; x_wconf 79' lang='lat' dir='ltr'>molitio</span> <span class='ocrx_word' id='word_1_8' title='bbox 253 471 418 554; x_wconf 86' lang='lat' dir='ltr'>usurpari,</span> <span class='ocrx_word' id='word_1_9' title='bbox 450 483 486 535; x_wconf 89' lang='grc' dir='ltr'>ιιι</span> <span class='ocrx_word' id='word_1_10' title='bbox 515 482 547 535; x_wconf 90' lang='grc' dir='ltr'>ει</span> <span class='ocrx_word' id='word_1_11' title='bbox 574 471 615 535; x_wconf 91' lang='lat' dir='ltr'>de</span> <span class='ocrx_word' id='word_1_12' title='bbox 642 472 733 535; x_wconf 93' lang='lat' dir='ltr'>bono</span> <span class='ocrx_word' id='word_1_13' title='bbox 762 490 799 535; x_wconf 85' lang='lat' dir='ltr'>ae</span> <span class='ocrx_word' id='word_1_14' title='bbox 825 472 971 535; x_wconf 85' lang='lat' dir='ltr'>bonitate</span> <span class='ocrx_word' id='word_1_15' title='bbox 997 472 1195 536; x_wconf 84' lang='lat' dir='ltr'>dictumest</span> 
     </span>
     <span class='ocr_line' id='line_1_3' title="bbox 151 665 1195 749; baseline 0.001 -19"><span class='ocrx_word' id='word_1_16' title='bbox 151 667 219 731; x_wconf 73' lang='lat' dir='ltr'>lan.</span> <span class='ocrx_word' id='word_1_17' title='bbox 242 665 405 740; x_wconf 84' lang='lat' dir='ltr'><strong>Quoniam</strong></span> <span class='ocrx_word' id='word_1_18' title='bbox 435 667 559 731; x_wconf 86' lang='lat' dir='ltr'>malurn</span> <span class='ocrx_word' id='word_1_19' title='bbox 575 668 766 748; x_wconf 88' lang='lat' dir='ltr'>oppositum</span> <span class='ocrx_word' id='word_1_20' title='bbox 781 677 830 731; x_wconf 86' lang='grc' dir='ltr'>εει</span> <span class='ocrx_word' id='word_1_21' title='bbox 854 667 955 742; x_wconf 89' lang='lat' dir='ltr'>bono,</span> <span class='ocrx_word' id='word_1_22' title='bbox 981 668 1195 749; x_wconf 80' lang='lat' dir='ltr'><strong>consequitur</strong></span> 
     </span>
     <span class='ocr_line' id='line_1_4' title="bbox 115 765 1192 848; baseline 0.001 -18"><span class='ocrx_word' id='word_1_23' title='bbox 115 765 385 848; x_wconf 83' lang='lat' dir='ltr'>quemadmodum</span> <span class='ocrx_word' id='word_1_24' title='bbox 414 766 542 828; x_wconf 92' lang='lat' dir='ltr'>bonum</span> <span class='ocrx_word' id='word_1_25' title='bbox 571 766 752 847; x_wconf 79' lang='lat' dir='ltr'>appetibile</span> <span class='ocrx_word' id='word_1_26' title='bbox 768 778 825 841; x_wconf 89' lang='lat' dir='ltr'>est,</span> <span class='ocrx_word' id='word_1_27' title='bbox 840 767 885 829; x_wconf 89' lang='lat' dir='ltr'>ita</span> <span class='ocrx_word' id='word_1_28' title='bbox 900 766 1102 847; x_wconf 86' lang='lat' dir='ltr'>malumque</span> <span class='ocrx_word' id='word_1_29' title='bbox 1117 767 1192 842; x_wconf 89' lang='lat' dir='ltr'>tale,</span> 
     </span>
     <span class='ocr_line' id='line_1_5' title="bbox 114 861 1192 946; baseline 0.003 -21"><span class='ocrx_word' id='word_1_30' title='bbox 114 861 284 945; x_wconf 79' lang='lat' dir='ltr'>appetibile</span> <span class='ocrx_word' id='word_1_31' title='bbox 306 880 373 926; x_wconf 91' lang='lat' dir='ltr'>non</span> <span class='ocrx_word' id='word_1_32' title='bbox 396 881 479 939; x_wconf 87' lang='lat' dir='ltr'>ease,</span> <span class='ocrx_word' id='word_1_33' title='bbox 512 864 568 928; x_wconf 86' lang='lat' dir='ltr'>sed</span> <span class='ocrx_word' id='word_1_34' title='bbox 593 865 703 945; x_wconf 87' lang='lat' dir='ltr'>potius</span> <span class='ocrx_word' id='word_1_35' title='bbox 732 883 751 928; x_wconf 88' lang='lat' dir='ltr'>a</span> <span class='ocrx_word' id='word_1_36' title='bbox 780 885 815 928; x_wconf 86' lang='lat' dir='ltr'>sa</span> <span class='ocrx_word' id='word_1_37' title='bbox 836 865 1015 946; x_wconf 89' lang='lat' dir='ltr'>appetitum</span> <span class='ocrx_word' id='word_1_38' title='bbox 1038 874 1192 930; x_wconf 88' lang='lat' dir='ltr'>avertero.</span> 
     </span>
     <span class='ocr_line' id='line_1_6' title="bbox 114 959 1195 1036; baseline -0.001 -10"><span class='ocrx_word' id='word_1_39' title='bbox 114 959 325 1036; x_wconf 77' lang='lat' dir='ltr'>Quamobrem</span> <span class='ocrx_word' id='word_1_40' title='bbox 339 961 463 1023; x_wconf 89' lang='lat' dir='ltr'>malum</span> <span class='ocrx_word' id='word_1_41' title='bbox 479 979 518 1024; x_wconf 87' lang='lat' dir='ltr'>ex</span> <span class='ocrx_word' id='word_1_42' title='bbox 533 979 567 1025; x_wconf 82' lang='lat' dir='ltr'>aa</span> <span class='ocrx_word' id='word_1_43' title='bbox 583 980 643 1024; x_wconf 87' lang='lat' dir='ltr'>neo</span> <span class='ocrx_word' id='word_1_44' title='bbox 659 963 736 1024; x_wconf 88' lang='lat' dir='ltr'>finis</span> <span class='ocrx_word' id='word_1_45' title='bbox 750 981 812 1026; x_wconf 86' lang='lat' dir='ltr'>nae</span> <span class='ocrx_word' id='word_1_46' title='bbox 836 962 937 1026; x_wconf 89' lang='lat' dir='ltr'>medii</span> <span class='ocrx_word' id='word_1_47' title='bbox 954 966 1115 1024; x_wconf 88' lang='lat' dir='ltr'>rationem</span> <span class='ocrx_word' id='word_1_48' title='bbox 1137 962 1195 1025; x_wconf 88' lang='lat' dir='ltr'>ha·</span> 
     </span>
     <span class='ocr_line' id='line_1_7' title="bbox 111 1056 1194 1145; baseline 0.002 -25"><span class='ocrx_word' id='word_1_49' title='bbox 111 1056 183 1145; x_wconf 86' lang='lat' dir='ltr'>bere</span> <span class='ocrx_word' id='word_1_50' title='bbox 203 1066 321 1138; x_wconf 88' lang='lat' dir='ltr'>potest.</span> <span class='ocrx_word' id='word_1_51' title='bbox 352 1057 540 1138; x_wconf 86' lang='lat' dir='ltr'>Aliquando</span> <span class='ocrx_word' id='word_1_52' title='bbox 568 1066 676 1123; x_wconf 89' lang='lat' dir='ltr'>tamen</span> <span class='ocrx_word' id='word_1_53' title='bbox 698 1060 822 1122; x_wconf 90' lang='lat' dir='ltr'>malum</span> <span class='ocrx_word' id='word_1_54' title='bbox 844 1061 1011 1142; x_wconf 83' lang='lat' dir='ltr'>appetitur</span> <span class='ocrx_word' id='word_1_55' title='bbox 1037 1079 1092 1141; x_wconf 84' lang='lat' dir='ltr'>per</span> <span class='ocrx_word' id='word_1_56' title='bbox 1111 1061 1194 1122; x_wconf 78' lang='lat' dir='ltr'>aeol-</span> 
     </span>
     <span class='ocr_line' id='line_1_8' title="bbox 110 1154 1194 1237; baseline 0.002 -20"><span class='ocrx_word' id='word_1_57' title='bbox 110 1154 187 1230; x_wconf 74' lang='lat' dir='ltr'>aar,</span> <span class='ocrx_word' id='word_1_58' title='bbox 203 1160 364 1234; x_wconf 87' lang='lat' dir='ltr'>quatenus</span> <span class='ocrx_word' id='word_1_59' title='bbox 386 1172 454 1217; x_wconf 92' lang='lat' dir='ltr'>non</span> <span class='ocrx_word' id='word_1_60' title='bbox 477 1154 601 1219; x_wconf 89' lang='lat' dir='ltr'>malum</span> <span class='ocrx_word' id='word_1_61' title='bbox 630 1156 740 1237; x_wconf 79' lang='lat' dir='ltr'>ipsum</span> <span class='ocrx_word' id='word_1_62' title='bbox 757 1174 821 1237; x_wconf 90' lang='lat' dir='ltr'>qua</span> <span class='ocrx_word' id='word_1_63' title='bbox 846 1157 922 1231; x_wconf 84' lang='lat' dir='ltr'>tale,</span> <span class='ocrx_word' id='word_1_64' title='bbox 938 1155 996 1218; x_wconf 85' lang='lat' dir='ltr'>sed</span> <span class='ocrx_word' id='word_1_65' title='bbox 1016 1173 1068 1219; x_wconf 85' lang='lat' dir='ltr'>ras</span> <span class='ocrx_word' id='word_1_66' title='bbox 1083 1156 1194 1237; x_wconf 89' lang='lat' dir='ltr'>aliqua</span> 
     </span>
     <span class='ocr_line' id='line_1_9' title="bbox 86 1252 1194 1341; baseline 0.002 -24"><span class='ocrx_word' id='word_1_67' title='bbox 86 1252 190 1341; x_wconf 12' lang='lat' dir='ltr'>&#39;bona</span> <span class='ocrx_word' id='word_1_68' title='bbox 210 1252 244 1314; x_wconf 94' lang='lat' dir='ltr'>in</span> <span class='ocrx_word' id='word_1_69' title='bbox 270 1271 334 1334; x_wconf 88' lang='lat' dir='ltr'>qua</span> <span class='ocrx_word' id='word_1_70' title='bbox 359 1254 483 1318; x_wconf 91' lang='lat' dir='ltr'>malum</span> <span class='ocrx_word' id='word_1_71' title='bbox 508 1263 567 1329; x_wconf 88' lang='grc' dir='ltr'>εει,</span> <span class='ocrx_word' id='word_1_72' title='bbox 585 1254 787 1340; x_wconf 77' lang='lat' dir='ltr'>intenditur-3</span> <span class='ocrx_word' id='word_1_73' title='bbox 810 1263 970 1336; x_wconf 84' lang='lat' dir='ltr'>utquum</span> <span class='ocrx_word' id='word_1_74' title='bbox 993 1254 1035 1317; x_wconf 90' lang='lat' dir='ltr'>ab</span> <span class='ocrx_word' id='word_1_75' title='bbox 1057 1254 1194 1319; x_wconf 87' lang='lat' dir='ltr'>bomine</span> 
     </span>
     <span class='ocr_line' id='line_1_10' title="bbox 108 1349 1194 1435; baseline 0 -20"><span class='ocrx_word' id='word_1_76' title='bbox 108 1349 230 1416; x_wconf 83' lang='lat' dir='ltr'>luorum</span> <span class='ocrx_word' id='word_1_77' title='bbox 261 1351 421 1432; x_wconf 87' lang='lat' dir='ltr'>quaeritur</span> <span class='ocrx_word' id='word_1_78' title='bbox 440 1352 621 1432; x_wconf 83' lang='lat' dir='ltr'>injustum.</span> <span class='ocrx_word' id='word_1_79' title='bbox 648 1375 663 1412; x_wconf 80' lang='grc' dir='ltr'>ι</span> <span class='ocrx_word' id='word_1_80' title='bbox 686 1354 807 1417; x_wconf 80' lang='lat' dir='ltr'>bialum</span> <span class='ocrx_word' id='word_1_81' title='bbox 830 1363 955 1431; x_wconf 87' lang='lat' dir='ltr'>autem,</span> <span class='ocrx_word' id='word_1_82' title='bbox 980 1353 1024 1416; x_wconf 88' lang='lat' dir='ltr'>ita</span> <span class='ocrx_word' id='word_1_83' title='bbox 1045 1352 1194 1435; x_wconf 85' lang='lat' dir='ltr'>apposite</span> 
     </span>
     <span class='ocr_line' id='line_1_11' title="bbox 111 1448 1193 1533; baseline 0.004 -23"><span class='ocrx_word' id='word_1_84' title='bbox 111 1470 125 1510; x_wconf 81' lang='grc' dir='ltr'>ι</span> <span class='ocrx_word' id='word_1_85' title='bbox 147 1448 178 1512; x_wconf 84' lang='grc'>8.</span> <span class='ocrx_word' id='word_1_86' title='bbox 204 1448 358 1524; x_wconf 80' lang='lat' dir='ltr'><strong>Thomas,</strong></span> <span class='ocrx_word' id='word_1_87' title='bbox 375 1450 464 1530; x_wconf 85' lang='lat' dir='ltr'>quod</span> <span class='ocrx_word' id='word_1_88' title='bbox 493 1451 707 1533; x_wconf 72' lang='lat' dir='ltr'>conjungitur</span> <span class='ocrx_word' id='word_1_89' title='bbox 732 1451 832 1514; x_wconf 85' lang='lat' dir='ltr'>alicui</span> <span class='ocrx_word' id='word_1_90' title='bbox 856 1452 957 1528; x_wconf 91' lang='lat' dir='ltr'>bono,</span> <span class='ocrx_word' id='word_1_91' title='bbox 984 1459 1033 1514; x_wconf 88' lang='lat' dir='ltr'>est</span> <span class='ocrx_word' id='word_1_92' title='bbox 1054 1449 1193 1532; x_wconf 78' lang='lat' dir='ltr'>privatio</span> 
     </span>
     <span class='ocr_line' id='line_1_12' title="bbox 108 1540 1193 1631; baseline 0.004 -23"><span class='ocrx_word' id='word_1_93' title='bbox 108 1547 278 1610; x_wconf 74' lang='lat' dir='ltr'>«alterins</span> <span class='ocrx_word' id='word_1_94' title='bbox 307 1546 401 1612; x_wconf 89' lang='lat' dir='ltr'>boni.</span> <span class='ocrx_word' id='word_1_95' title='bbox 417 1548 592 1631; x_wconf 87' lang='lat' dir='ltr'>Nunquam</span> <span class='ocrx_word' id='word_1_96' title='bbox 623 1550 724 1631; x_wconf 76' lang='lat' dir='ltr'>igitur</span> <span class='ocrx_word' id='word_1_97' title='bbox 749 1558 958 1631; x_wconf 83' lang='lat' dir='ltr'>appeteretur</span> <span class='ocrx_word' id='word_1_98' title='bbox 979 1540 1118 1627; x_wconf 64' lang='lat' dir='ltr'>malum‚&#39;</span> <span class='ocrx_word' id='word_1_99' title='bbox 1133 1567 1193 1613; x_wconf 86' lang='lat' dir='ltr'>neo</span> 
     </span>
     <span class='ocr_line' id='line_1_13' title="bbox 27 1644 1192 1729; baseline 0.004 -25"><span class='ocrx_word' id='word_1_100' title='bbox 27 1710 28 1715; x_wconf 6' lang='grc' dir='ltr'>ἵ</span> <span class='ocrx_word' id='word_1_101' title='bbox 99 1664 125 1729; x_wconf 20' lang='grc' dir='ltr'>,ι</span> <span class='ocrx_word' id='word_1_102' title='bbox 146 1662 202 1726; x_wconf 90' lang='lat' dir='ltr'>per</span> <span class='ocrx_word' id='word_1_103' title='bbox 222 1644 389 1722; x_wconf 80' lang='lat' dir='ltr'>accidens,</span> <span class='ocrx_word' id='word_1_104' title='bbox 420 1645 486 1709; x_wconf 86' lang='lat' dir='ltr'>nisi</span> <span class='ocrx_word' id='word_1_105' title='bbox 508 1646 632 1710; x_wconf 88' lang='lat' dir='ltr'>bouum</span> <span class='ocrx_word' id='word_1_106' title='bbox 657 1646 710 1710; x_wconf 89' lang='lat' dir='ltr'>oui</span> <span class='ocrx_word' id='word_1_107' title='bbox 734 1646 944 1728; x_wconf 81' lang='lat' dir='ltr'>conjungitur</span> <span class='ocrx_word' id='word_1_108' title='bbox 966 1648 1100 1723; x_wconf 90' lang='lat' dir='ltr'>malum,</span> <span class='ocrx_word' id='word_1_109' title='bbox 1125 1664 1192 1709; x_wconf 93' lang='lat' dir='ltr'>ma·</span> 
     </span>
     <span class='ocr_line' id='line_1_14' title="bbox 107 1742 1191 1827; baseline 0.006 -26"><span class='ocrx_word' id='word_1_110' title='bbox 107 1742 190 1821; x_wconf 77' lang='lat' dir='ltr'>«gis</span> <span class='ocrx_word' id='word_1_111' title='bbox 209 1753 431 1824; x_wconf 83' lang='lat' dir='ltr'>appeteretur,</span> <span class='ocrx_word' id='word_1_112' title='bbox 465 1763 564 1827; x_wconf 91' lang='lat' dir='ltr'>quam</span> <span class='ocrx_word' id='word_1_113' title='bbox 592 1746 718 1810; x_wconf 92' lang='lat' dir='ltr'>bouum</span> <span class='ocrx_word' id='word_1_114' title='bbox 744 1746 833 1826; x_wconf 89' lang='lat' dir='ltr'>quod</span> <span class='ocrx_word' id='word_1_115' title='bbox 864 1747 1012 1826; x_wconf 88' lang='lat' dir='ltr'>privatur</span> <span class='ocrx_word' id='word_1_116' title='bbox 1042 1764 1101 1827; x_wconf 89' lang='lat' dir='ltr'>per</span> <span class='ocrx_word' id='word_1_117' title='bbox 1123 1763 1191 1808; x_wconf 85' lang='lat' dir='ltr'>ma·</span> 
     </span>
     <span class='ocr_line' id='line_1_15' title="bbox 108 1841 317 1921; baseline 0.019 -18"><span class='ocrx_word' id='word_1_118' title='bbox 108 1841 208 1907; x_wconf 81' lang='lat' dir='ltr'>«lum</span> <span class='ocrx_word' id='word_1_119' title='bbox 232 1864 247 1900; x_wconf 69' lang='lat' dir='ltr'>a</span> <span class='ocrx_word' id='word_1_120' title='bbox 269 1845 317 1921; x_wconf 74' lang='grc' dir='ltr'>(ι).</span> 
     </span>
    </p>
   </div>
   <div class='ocr_carea' id='block_1_3' title="bbox 125 1940 1274 2017">
    <p class='ocr_par' dir='ltr' id='par_1_3' title="bbox 125 1940 1274 2017">
     <span class='ocr_line' id='line_1_16' title="bbox 125 1940 1274 2017; baseline 0 -15"><span class='ocrx_word' id='word_1_121' title='bbox 125 1976 128 1983; x_wconf 86' lang='lat'>·</span> <span class='ocrx_word' id='word_1_122' title='bbox 143 1940 210 2005; x_wconf 78' lang='grc'><strong>156.</strong></span> <span class='ocrx_word' id='word_1_123' title='bbox 227 1941 351 2007; x_wconf 81' lang='lat' dir='ltr'>Malum</span> <span class='ocrx_word' id='word_1_124' title='bbox 364 1941 525 2007; x_wconf 89' lang='lat' dir='ltr'>dividitur</span> <span class='ocrx_word' id='word_1_125' title='bbox 539 1943 570 2007; x_wconf 73' lang='grc' dir='ltr'>1ο</span> <span class='ocrx_word' id='word_1_126' title='bbox 584 1942 618 2004; x_wconf 80' lang='grc' dir='ltr'>ιιι</span> <span class='ocrx_word' id='word_1_127' title='bbox 632 1942 755 2005; x_wconf 87' lang='lat' dir='ltr'>malum</span> <span class='ocrx_word' id='word_1_128' title='bbox 769 1944 805 2004; x_wconf 80' lang='lat' dir='ltr'>io</span> <span class='ocrx_word' id='word_1_129' title='bbox 815 1961 845 2004; x_wconf 83' lang='lat' dir='ltr'>ae</span> <span class='ocrx_word' id='word_1_130' title='bbox 857 1961 914 2005; x_wconf 86' lang='lat' dir='ltr'>seu</span> <span class='ocrx_word' id='word_1_131' title='bbox 925 1943 1093 2005; x_wconf 77' lang='lat' dir='ltr'>seeundum</span> <span class='ocrx_word' id='word_1_132' title='bbox 1107 1961 1148 2017; x_wconf 84' lang='grc' dir='ltr'>ιε,</span> <span class='ocrx_word' id='word_1_133' title='bbox 1158 1949 1190 2003; x_wconf 90' lang='grc' dir='ltr'>ει</span> <span class='ocrx_word' id='word_1_134' title='bbox 1267 1980 1274 1993; x_wconf 87' lang='lat'><strong>·</strong></span> 
     </span>
    </p>
   </div>
   <div class='ocr_carea' id='block_1_4' title="bbox 78 2038 1253 4070">
    <p class='ocr_par' dir='ltr' id='par_1_4' title="bbox 106 2038 332 2102">
     <span class='ocr_line' id='line_1_17' title="bbox 106 2038 332 2102; baseline 0.004 -1"><span class='ocrx_word' id='word_1_135' title='bbox 106 2038 332 2102; x_wconf 77' lang='lat' dir='ltr'>molamolteri.</span> 
     </span>
    </p>

    <p class='ocr_par' dir='ltr' id='par_1_5' title="bbox 86 2134 1189 2399">
     <span class='ocr_line' id='line_1_18' title="bbox 141 2134 1189 2217; baseline -0.002 -19"><span class='ocrx_word' id='word_1_136' title='bbox 141 2135 258 2199; x_wconf 86' lang='lat' dir='ltr'>llalurn</span> <span class='ocrx_word' id='word_1_137' title='bbox 290 2136 472 2200; x_wconf 82' lang='lat' dir='ltr'>secundum</span> <span class='ocrx_word' id='word_1_138' title='bbox 496 2154 530 2200; x_wconf 90' lang='grc' dir='ltr'>εε</span> <span class='ocrx_word' id='word_1_139' title='bbox 552 2144 600 2199; x_wconf 87' lang='grc' dir='ltr'>εει</span> <span class='ocrx_word' id='word_1_140' title='bbox 621 2153 713 2198; x_wconf 88' lang='lat' dir='ltr'>mera</span> <span class='ocrx_word' id='word_1_141' title='bbox 737 2136 874 2217; x_wconf 84' lang='lat' dir='ltr'>privatio</span> <span class='ocrx_word' id='word_1_142' title='bbox 903 2136 984 2198; x_wconf 90' lang='lat' dir='ltr'>boui</span> <span class='ocrx_word' id='word_1_143' title='bbox 1014 2134 1119 2198; x_wconf 91' lang='lat' dir='ltr'>debiti</span> <span class='ocrx_word' id='word_1_144' title='bbox 1147 2134 1189 2216; x_wconf 90' lang='lat' dir='ltr'>ad</span> 
     </span>
     <span class='ocr_line' id='line_1_19' title="bbox 105 2233 1189 2317; baseline 0 -21"><span class='ocrx_word' id='word_1_145' title='bbox 105 2233 234 2315; x_wconf 76' lang='lat' dir='ltr'>subjecti</span> <span class='ocrx_word' id='word_1_146' title='bbox 260 2236 514 2317; x_wconf 84' lang='lat' dir='ltr'>perlectionem,</span> <span class='ocrx_word' id='word_1_147' title='bbox 548 2234 633 2299; x_wconf 83' lang='lat' dir='ltr'>siout</span> <span class='ocrx_word' id='word_1_148' title='bbox 662 2235 822 2315; x_wconf 78' lang='lat' dir='ltr'>agritudo</span> <span class='ocrx_word' id='word_1_149' title='bbox 845 2243 892 2296; x_wconf 89' lang='lat' dir='ltr'>est</span> <span class='ocrx_word' id='word_1_150' title='bbox 914 2234 1038 2296; x_wconf 89' lang='lat' dir='ltr'>malum</span> <span class='ocrx_word' id='word_1_151' title='bbox 1067 2233 1189 2296; x_wconf 90' lang='lat' dir='ltr'>anima·</span> 
     </span>
     <span class='ocr_line' id='line_1_20' title="bbox 86 2332 744 2399; baseline 0 -5"><span class='ocrx_word' id='word_1_152' title='bbox 86 2332 152 2399; x_wconf 85' lang='lat' dir='ltr'>lis.</span> <span class='ocrx_word' id='word_1_153' title='bbox 742 2359 744 2362; x_wconf 93' lang='lat'>·</span> 
     </span>
    </p>

    <p class='ocr_par' dir='ltr' id='par_1_6' title="bbox 78 2423 1253 2986">
     <span class='ocr_line' id='line_1_21' title="bbox 139 2423 1253 2512; baseline 0 -20"><span class='ocrx_word' id='word_1_154' title='bbox 139 2431 257 2493; x_wconf 86' lang='lat' dir='ltr'>llalum</span> <span class='ocrx_word' id='word_1_155' title='bbox 282 2433 376 2494; x_wconf 89' lang='lat' dir='ltr'>alteri</span> <span class='ocrx_word' id='word_1_156' title='bbox 393 2441 441 2494; x_wconf 87' lang='lat' dir='ltr'>est</span> <span class='ocrx_word' id='word_1_157' title='bbox 466 2430 630 2512; x_wconf 87' lang='lat' dir='ltr'>quidquid</span> <span class='ocrx_word' id='word_1_158' title='bbox 647 2431 786 2494; x_wconf 88' lang='lat' dir='ltr'>alterum</span> <span class='ocrx_word' id='word_1_159' title='bbox 802 2429 891 2494; x_wconf 91' lang='lat' dir='ltr'>bono</span> <span class='ocrx_word' id='word_1_160' title='bbox 916 2429 965 2491; x_wconf 92' lang='lat' dir='ltr'>illi</span> <span class='ocrx_word' id='word_1_161' title='bbox 993 2431 1103 2493; x_wconf 92' lang='lat' dir='ltr'>debito</span> <span class='ocrx_word' id='word_1_162' title='bbox 1118 2431 1187 2512; x_wconf 91' lang='lat' dir='ltr'>pri·</span> <span class='ocrx_word' id='word_1_163' title='bbox 1252 2423 1253 2427; x_wconf 65' lang='grc'>’</span> 
     </span>
     <span class='ocr_line' id='line_1_22' title="bbox 78 2527 1189 2611; baseline -0.002 -20"><span class='ocrx_word' id='word_1_164' title='bbox 78 2535 214 2592; x_wconf 85' lang='lat' dir='ltr'>&#39;vataut</span> <span class='ocrx_word' id='word_1_165' title='bbox 233 2532 364 2609; x_wconf 88' lang='lat' dir='ltr'>privare</span> <span class='ocrx_word' id='word_1_166' title='bbox 381 2539 497 2611; x_wconf 89' lang='lat' dir='ltr'>potest.</span> <span class='ocrx_word' id='word_1_167' title='bbox 528 2530 584 2593; x_wconf 85' lang='lat' dir='ltr'>Sio</span> <span class='ocrx_word' id='word_1_168' title='bbox 609 2530 707 2609; x_wconf 90' lang='lat' dir='ltr'>lupus</span> <span class='ocrx_word' id='word_1_169' title='bbox 732 2537 780 2591; x_wconf 89' lang='lat' dir='ltr'>est</span> <span class='ocrx_word' id='word_1_170' title='bbox 807 2528 930 2590; x_wconf 89' lang='lat' dir='ltr'>malum</span> <span class='ocrx_word' id='word_1_171' title='bbox 946 2545 1041 2609; x_wconf 76' lang='lat' dir='ltr'>agno,</span> <span class='ocrx_word' id='word_1_172' title='bbox 1063 2527 1189 2607; x_wconf 82' lang='lat' dir='ltr'>justitia</span> 
     </span>
     <span class='ocr_line' id='line_1_23' title="bbox 101 2626 1188 2705; baseline -0.001 -17"><span class='ocrx_word' id='word_1_173' title='bbox 101 2626 214 2705; x_wconf 81' lang='lat' dir='ltr'>judiois</span> <span class='ocrx_word' id='word_1_174' title='bbox 236 2636 286 2689; x_wconf 86' lang='grc' dir='ltr'>εει</span> <span class='ocrx_word' id='word_1_175' title='bbox 309 2629 431 2691; x_wconf 88' lang='lat' dir='ltr'>malum</span> <span class='ocrx_word' id='word_1_176' title='bbox 456 2628 555 2702; x_wconf 90' lang='lat' dir='ltr'>souti,</span> <span class='ocrx_word' id='word_1_177' title='bbox 584 2626 680 2688; x_wconf 85' lang='lat' dir='ltr'>amici</span> <span class='ocrx_word' id='word_1_178' title='bbox 705 2644 795 2690; x_wconf 87' lang='lat' dir='ltr'>mors</span> <span class='ocrx_word' id='word_1_179' title='bbox 817 2626 911 2688; x_wconf 88' lang='lat' dir='ltr'>alteri</span> <span class='ocrx_word' id='word_1_180' title='bbox 934 2626 1041 2689; x_wconf 86' lang='lat' dir='ltr'>amieo</span> <span class='ocrx_word' id='word_1_181' title='bbox 1064 2626 1188 2688; x_wconf 88' lang='lat' dir='ltr'>malum</span> 
     </span>
     <span class='ocr_line' id='line_1_24' title="bbox 103 2733 366 2789; baseline -0.023 -1"><span class='ocrx_word' id='word_1_182' title='bbox 103 2733 156 2789; x_wconf 74' lang='lat' dir='ltr'>eal.</span> <span class='ocrx_word' id='word_1_183' title='bbox 365 2779 366 2782; x_wconf 74' lang='grc'>,</span> 
     </span>
     <span class='ocr_line' id='line_1_25' title="bbox 139 2813 1187 2902; baseline -0.003 -17"><span class='ocrx_word' id='word_1_184' title='bbox 139 2824 208 2888; x_wconf 76' lang='lat' dir='ltr'>ldl.</span> <span class='ocrx_word' id='word_1_185' title='bbox 224 2822 260 2885; x_wconf 68' lang='lat'>2⁰</span> <span class='ocrx_word' id='word_1_186' title='bbox 277 2823 442 2888; x_wconf 85' lang='lat' dir='ltr'>Dividitur</span> <span class='ocrx_word' id='word_1_187' title='bbox 464 2822 685 2886; x_wconf 77' lang='lat' dir='ltr'>communiter</span> <span class='ocrx_word' id='word_1_188' title='bbox 712 2813 835 2884; x_wconf 90' lang='lat' dir='ltr'>malum</span> <span class='ocrx_word' id='word_1_189' title='bbox 852 2820 886 2883; x_wconf 92' lang='lat' dir='ltr'>in</span> <span class='ocrx_word' id='word_1_190' title='bbox 900 2821 1065 2902; x_wconf 74' lang='lat' dir='ltr'>pbyeieam</span> <span class='ocrx_word' id='word_1_191' title='bbox 1077 2829 1109 2885; x_wconf 89' lang='grc' dir='ltr'>ει</span> <span class='ocrx_word' id='word_1_192' title='bbox 1122 2839 1187 2882; x_wconf 86' lang='lat' dir='ltr'>mo-</span> 
     </span>
     <span class='ocr_line' id='line_1_26' title="bbox 101 2922 169 2986; baseline 0.059 -3"><span class='ocrx_word' id='word_1_193' title='bbox 101 2922 169 2986; x_wconf 82' lang='lat' dir='ltr'>rulo.</span> 
     </span>
    </p>

    <p class='ocr_par' dir='ltr' id='par_1_7' title="bbox 101 3016 1224 3378">
     <span class='ocr_line' id='line_1_27' title="bbox 138 3016 1224 3102; baseline -0.009 -18"><span class='ocrx_word' id='word_1_194' title='bbox 138 3021 378 3102; x_wconf 80' lang='lat' dir='ltr'>Physioumest</span> <span class='ocrx_word' id='word_1_195' title='bbox 394 3019 534 3100; x_wconf 84' lang='lat' dir='ltr'>privatio</span> <span class='ocrx_word' id='word_1_196' title='bbox 549 3018 629 3082; x_wconf 91' lang='lat' dir='ltr'>boni</span> <span class='ocrx_word' id='word_1_197' title='bbox 646 3016 804 3082; x_wconf 86' lang='lat' dir='ltr'>naturalis</span> <span class='ocrx_word' id='word_1_198' title='bbox 820 3016 917 3095; x_wconf 73' lang='lat' dir='ltr'>(lav).</span> <span class='ocrx_word' id='word_1_199' title='bbox 1220 3083 1224 3090; x_wconf 19' lang='lat'>⁵</span> 
     </span>
     <span class='ocr_line' id='line_1_28' title="bbox 138 3114 1188 3200; baseline -0.005 -19"><span class='ocrx_word' id='word_1_200' title='bbox 138 3118 260 3181; x_wconf 86' lang='lat' dir='ltr'>llorale</span> <span class='ocrx_word' id='word_1_201' title='bbox 275 3125 324 3181; x_wconf 85' lang='lat' dir='ltr'>eat</span> <span class='ocrx_word' id='word_1_202' title='bbox 337 3117 477 3200; x_wconf 86' lang='lat' dir='ltr'>privatio</span> <span class='ocrx_word' id='word_1_203' title='bbox 492 3116 572 3180; x_wconf 92' lang='lat' dir='ltr'>boni</span> <span class='ocrx_word' id='word_1_204' title='bbox 597 3117 733 3179; x_wconf 87' lang='lat' dir='ltr'>moralis</span> <span class='ocrx_word' id='word_1_205' title='bbox 750 3115 845 3193; x_wconf 68' lang='lat' dir='ltr'>(tal).</span> <span class='ocrx_word' id='word_1_206' title='bbox 863 3114 1033 3176; x_wconf 90' lang='lat' dir='ltr'>Invenitur</span> <span class='ocrx_word' id='word_1_207' title='bbox 1046 3114 1109 3176; x_wconf 87' lang='lat' dir='ltr'>boe</span> <span class='ocrx_word' id='word_1_208' title='bbox 1122 3131 1188 3176; x_wconf 87' lang='lat' dir='ltr'>ma-</span> 
     </span>
     <span class='ocr_line' id='line_1_29' title="bbox 102 3211 1186 3298; baseline -0.006 -20"><span class='ocrx_word' id='word_1_209' title='bbox 102 3215 176 3288; x_wconf 83' lang='lat' dir='ltr'>lum.</span> <span class='ocrx_word' id='word_1_210' title='bbox 198 3226 235 3278; x_wconf 90' lang='grc' dir='ltr'>ιιι</span> <span class='ocrx_word' id='word_1_211' title='bbox 262 3234 322 3298; x_wconf 80' lang='grc' dir='ltr'>ρει</span> <span class='ocrx_word' id='word_1_212' title='bbox 337 3235 371 3278; x_wconf 87' lang='grc' dir='ltr'>εε</span> <span class='ocrx_word' id='word_1_213' title='bbox 387 3221 486 3297; x_wconf 88' lang='lat' dir='ltr'>patet,</span> <span class='ocrx_word' id='word_1_214' title='bbox 508 3213 716 3277; x_wconf 87' lang='lat' dir='ltr'>solummodo</span> <span class='ocrx_word' id='word_1_215' title='bbox 745 3212 779 3273; x_wconf 88' lang='lat' dir='ltr'>in</span> <span class='ocrx_word' id='word_1_216' title='bbox 803 3220 918 3291; x_wconf 80' lang='lat' dir='ltr'>agente</span> <span class='ocrx_word' id='word_1_217' title='bbox 933 3211 1083 3274; x_wconf 88' lang='lat' dir='ltr'>rationali</span> <span class='ocrx_word' id='word_1_218' title='bbox 1100 3220 1131 3274; x_wconf 87' lang='grc' dir='ltr'>ει</span> <span class='ocrx_word' id='word_1_219' title='bbox 1145 3212 1186 3273; x_wconf 86' lang='grc' dir='ltr'>Ιί-</span> 
     </span>
     <span class='ocr_line' id='line_1_30' title="bbox 101 3308 1186 3378; baseline -0.002 -4"><span class='ocrx_word' id='word_1_220' title='bbox 101 3312 176 3376; x_wconf 83' lang='grc' dir='ltr'>Ιιειο</span> <span class='ocrx_word' id='word_1_221' title='bbox 192 3330 201 3378; x_wconf 90' lang='lat'><strong>:</strong></span> <span class='ocrx_word' id='word_1_222' title='bbox 218 3314 409 3377; x_wconf 82' lang='lat' dir='ltr'>continetur</span> <span class='ocrx_word' id='word_1_223' title='bbox 420 3312 509 3376; x_wconf 89' lang='lat' dir='ltr'>enim</span> <span class='ocrx_word' id='word_1_224' title='bbox 526 3310 713 3374; x_wconf 82' lang='lat' dir='ltr'>deficientia</span> <span class='ocrx_word' id='word_1_225' title='bbox 737 3308 851 3372; x_wconf 84' lang='lat' dir='ltr'>liberae</span> <span class='ocrx_word' id='word_1_226' title='bbox 868 3308 1007 3371; x_wconf 87' lang='lat' dir='ltr'>aetionis</span> <span class='ocrx_word' id='word_1_227' title='bbox 1021 3326 1040 3370; x_wconf 88' lang='lat' dir='ltr'>a</span> <span class='ocrx_word' id='word_1_228' title='bbox 1055 3326 1186 3373; x_wconf 90' lang='lat' dir='ltr'>morum</span> 
     </span>
    </p>

    <p class='ocr_par' dir='ltr' id='par_1_8' title="bbox 101 3411 554 3491">
     <span class='ocr_line' id='line_1_31' title="bbox 101 3411 554 3491; baseline 0 -19"><span class='ocrx_word' id='word_1_229' title='bbox 101 3411 218 3491; x_wconf 77' lang='lat' dir='ltr'>regula.</span> <span class='ocrx_word' id='word_1_230' title='bbox 552 3421 554 3424; x_wconf 82' lang='grc'><strong>’</strong></span> 
     </span>
    </p>

    <p class='ocr_par' dir='ltr' id='par_1_9' title="bbox 97 3495 1214 3979">
     <span class='ocr_line' id='line_1_32' title="bbox 137 3495 1185 3586; baseline -0.002 -17"><span class='ocrx_word' id='word_1_231' title='bbox 137 3507 221 3569; x_wconf 80' lang='lat' dir='ltr'>Addi</span> <span class='ocrx_word' id='word_1_232' title='bbox 238 3505 323 3569; x_wconf 87' lang='lat' dir='ltr'>solet</span> <span class='ocrx_word' id='word_1_233' title='bbox 335 3514 408 3586; x_wconf 91' lang='lat' dir='ltr'>post</span> <span class='ocrx_word' id='word_1_234' title='bbox 422 3505 640 3569; x_wconf 88' lang='lat' dir='ltr'>Leibnitzium</span> <span class='ocrx_word' id='word_1_235' title='bbox 657 3495 737 3568; x_wconf 83' lang='lat' dir='ltr'>huie</span> <span class='ocrx_word' id='word_1_236' title='bbox 751 3504 919 3586; x_wconf 89' lang='lat' dir='ltr'>partitioni</span> <span class='ocrx_word' id='word_1_237' title='bbox 934 3503 1064 3565; x_wconf 90' lang='lat' dir='ltr'>tertium</span> <span class='ocrx_word' id='word_1_238' title='bbox 1082 3521 1185 3567; x_wconf 90' lang='lat' dir='ltr'>mem-</span> 
     </span>
     <span class='ocr_line' id='line_1_33' title="bbox 99 3601 1185 3684; baseline -0.005 -16"><span class='ocrx_word' id='word_1_239' title='bbox 99 3603 193 3668; x_wconf 91' lang='lat' dir='ltr'>brum</span> <span class='ocrx_word' id='word_1_240' title='bbox 208 3605 337 3667; x_wconf 86' lang='lat' dir='ltr'>seilicet</span> <span class='ocrx_word' id='word_1_241' title='bbox 362 3604 486 3666; x_wconf 88' lang='lat' dir='ltr'>malum</span> <span class='ocrx_word' id='word_1_242' title='bbox 501 3602 858 3684; x_wconf 55' lang='lat' dir='ltr'>metamaucensium</span> <span class='ocrx_word' id='word_1_243' title='bbox 882 3602 982 3663; x_wconf 89' lang='lat' dir='ltr'>situm</span> <span class='ocrx_word' id='word_1_244' title='bbox 1008 3601 1130 3663; x_wconf 85' lang='lat' dir='ltr'>dieitur</span> <span class='ocrx_word' id='word_1_245' title='bbox 1151 3603 1185 3664; x_wconf 89' lang='lat' dir='ltr'>in</span> 
     </span>
     <span class='ocr_line' id='line_1_34' title="bbox 98 3697 1214 3781; baseline -0.003 -16"><span class='ocrx_word' id='word_1_246' title='bbox 98 3702 224 3765; x_wconf 81' lang='lat' dir='ltr'>delectu</span> <span class='ocrx_word' id='word_1_247' title='bbox 241 3701 410 3765; x_wconf 85' lang='lat' dir='ltr'>ulterioris</span> <span class='ocrx_word' id='word_1_248' title='bbox 435 3701 658 3781; x_wconf 80' lang='lat' dir='ltr'>perfeetionis.</span> <span class='ocrx_word' id='word_1_249' title='bbox 676 3700 739 3764; x_wconf 88' lang='lat' dir='ltr'>Sed</span> <span class='ocrx_word' id='word_1_250' title='bbox 766 3699 910 3761; x_wconf 83' lang='lat' dir='ltr'>delectus</span> <span class='ocrx_word' id='word_1_251' title='bbox 928 3700 987 3760; x_wconf 90' lang='lat' dir='ltr'>iste</span> <span class='ocrx_word' id='word_1_252' title='bbox 1003 3697 1186 3779; x_wconf 89' lang='lat' dir='ltr'>improprie</span> <span class='ocrx_word' id='word_1_253' title='bbox 1209 3733 1214 3741; x_wconf 87' lang='lat'><strong>.</strong></span> 
     </span>
     <span class='ocr_line' id='line_1_35' title="bbox 98 3795 1185 3882; baseline -0.004 -19"><span class='ocrx_word' id='word_1_254' title='bbox 98 3801 201 3863; x_wconf 86' lang='lat' dir='ltr'>solum</span> <span class='ocrx_word' id='word_1_255' title='bbox 214 3812 247 3862; x_wconf 87' lang='lat' dir='ltr'>et</span> <span class='ocrx_word' id='word_1_256' title='bbox 263 3799 396 3862; x_wconf 85' lang='lat' dir='ltr'>abusive</span> <span class='ocrx_word' id='word_1_257' title='bbox 410 3800 518 3862; x_wconf 87' lang='lat' dir='ltr'>vocari</span> <span class='ocrx_word' id='word_1_258' title='bbox 536 3807 643 3882; x_wconf 89' lang='lat' dir='ltr'>potest</span> <span class='ocrx_word' id='word_1_259' title='bbox 658 3800 795 3874; x_wconf 85' lang='lat' dir='ltr'>malum,</span> <span class='ocrx_word' id='word_1_260' title='bbox 805 3815 880 3860; x_wconf 89' lang='lat' dir='ltr'>oum</span> <span class='ocrx_word' id='word_1_261' title='bbox 896 3815 963 3860; x_wconf 90' lang='lat' dir='ltr'>non</span> <span class='ocrx_word' id='word_1_262' title='bbox 979 3796 1022 3858; x_wconf 83' lang='lat' dir='ltr'>ait</span> <span class='ocrx_word' id='word_1_263' title='bbox 1035 3795 1115 3859; x_wconf 93' lang='lat' dir='ltr'>boni</span> <span class='ocrx_word' id='word_1_264' title='bbox 1128 3795 1185 3859; x_wconf 88' lang='lat' dir='ltr'>de·</span> 
     </span>
     <span class='ocr_line' id='line_1_36' title="bbox 97 3894 1185 3979; baseline -0.005 -17"><span class='ocrx_word' id='word_1_265' title='bbox 97 3898 154 3962; x_wconf 92' lang='lat' dir='ltr'>biti</span> <span class='ocrx_word' id='word_1_266' title='bbox 168 3898 316 3961; x_wconf 80' lang='lat' dir='ltr'>delectus</span> <span class='ocrx_word' id='word_1_267' title='bbox 332 3915 339 3961; x_wconf 91' lang='lat'>:</span> <span class='ocrx_word' id='word_1_268' title='bbox 358 3899 427 3961; x_wconf 90' lang='lat' dir='ltr'>imo</span> <span class='ocrx_word' id='word_1_269' title='bbox 451 3915 527 3962; x_wconf 85' lang='lat' dir='ltr'>vero</span> <span class='ocrx_word' id='word_1_270' title='bbox 544 3897 615 3979; x_wconf 90' lang='lat' dir='ltr'>ipse</span> <span class='ocrx_word' id='word_1_271' title='bbox 633 3897 687 3960; x_wconf 89' lang='lat' dir='ltr'>lrie</span> <span class='ocrx_word' id='word_1_272' title='bbox 703 3897 849 3961; x_wconf 80' lang='lat' dir='ltr'>delectus</span> <span class='ocrx_word' id='word_1_273' title='bbox 874 3906 922 3958; x_wconf 85' lang='lat' dir='ltr'>est</span> <span class='ocrx_word' id='word_1_274' title='bbox 944 3894 1126 3958; x_wconf 84' lang='lat' dir='ltr'>essentialia</span> <span class='ocrx_word' id='word_1_275' title='bbox 1148 3912 1185 3957; x_wconf 90' lang='lat' dir='ltr'>ao</span> 
     </span>
    </p>

    <p class='ocr_par' dir='ltr' id='par_1_10' title="bbox 121 4009 573 4070">
     <span class='ocr_line' id='line_1_37' title="bbox 121 4009 573 4070; baseline 0.002 -13"><span class='ocrx_word' id='word_1_276' title='bbox 121 4012 154 4070; x_wconf 81' lang='lat' dir='ltr'>(l)</span> <span class='ocrx_word' id='word_1_277' title='bbox 168 4009 238 4058; x_wconf 85' lang='lat' dir='ltr'>Sum.</span> <span class='ocrx_word' id='word_1_278' title='bbox 250 4010 284 4057; x_wconf 73' lang='grc' dir='ltr'>ιιι.</span> <span class='ocrx_word' id='word_1_279' title='bbox 295 4022 318 4070; x_wconf 88' lang='lat' dir='ltr'>p·</span> <span class='ocrx_word' id='word_1_280' title='bbox 331 4011 351 4056; x_wconf 88' lang='lat' dir='ltr'>l.</span> <span class='ocrx_word' id='word_1_281' title='bbox 363 4022 387 4069; x_wconf 80' lang='lat' dir='ltr'>q.</span> <span class='ocrx_word' id='word_1_282' title='bbox 397 4011 463 4060; x_wconf 80' lang='lat' dir='ltr'>xlx.</span> <span class='ocrx_word' id='word_1_283' title='bbox 475 4017 521 4057; x_wconf 82' lang='lat' dir='ltr'>art.</span> <span class='ocrx_word' id='word_1_284' title='bbox 530 4009 573 4059; x_wconf 84' lang='lat' dir='ltr'>Ill.</span> 
     </span>
    </p>
   </div>
   <div class='ocr_carea' id='block_1_5' title="bbox 0 0 1400 4600">
    <p class='ocr_par' dir='ltr' id='par_1_11' title="bbox 0 0 1400 4600">
     <span class='ocr_line' id='line_1_38' title="bbox 0 0 1400 4600; baseline 0 5"><span class='ocrx_word' id='word_1_285' title='bbox 0 0 1400 4600; x_wconf 95' lang='lat' dir='ltr'> </span> 
     </span>
    </p>
   </div>
  </div>
 </body>
</html>
