2792 4600
186 376 250 442 366
377 375 382 383 '
635 391 825 440 cosuonoum.
1368 299 1369 342 ¹

188 510 285 590 Atqui
311 509 379 571 haec
395 508 511 570 entitas
527 516 575 570 est
597 526 734 589 prorsus
750 507 879 569 inutilis
898 507 938 568 ad
963 507 1210 587 intelligendam
1227 507 1277 569 rei

189 606 455 670 constitutionem
472 605 507 667 in
524 605 620 682 loco;
649 606 726 685 quia
743 605 813 667 haeo
828 605 952 686 optime
969 604 1177 692 intelligitur,
1193 604 1277 685 quin
1369 653 1370 656 η

188 705 229 767 de
245 703 377 768 eutitate
393 702 583 785 hujusmodi
600 704 796 785 cogitemus.
821 703 962 779 Etenim,
980 703 1007 766 si
1024 703 1065 765 de
1079 701 1279 785 corporibus

190 803 374 884 loquamur,
392 802 501 884 primo
517 820 582 865 non
600 808 705 884 potest
723 801 861 881 intelligi
879 819 999 882 corpus
1015 801 1167 875 existens,
1191 800 1275 881 quin

188 901 297 983 aliqua
323 920 397 983 pars
423 902 519 983 spatii
548 900 718 982 possibilis
743 917 782 963 eo
803 900 890 962 velut
907 901 1042 982 impleta
1059 899 1276 981 intelligatur.
1370 955 1371 976 ,

188 999 243 1064 Sio
258 1019 356 1064 omne
367 1019 499 1081 eorpus,
516 1002 580 1064 hon
593 1001 665 1081 ipso
680 997 769 1081 quod
782 1007 841 1074 est,
856 999 962 1063 locum
977 999 1116 1063 idealem
1129 1011 1279 1062 necessa=

188 1100 239 1164 riu
252 1110 399 1181 occupat.
418 1099 543 1163 Deinde
560 1101 666 1181 posito
683 1099 762 1161 hinc
777 1117 844 1162 unu
861 1116 1011 1180 corpore,
1026 1100 1103 1161 inde
1114 1098 1189 1160 aliis
1201 1098 1277 1178 qui·
1370 1119 1371 1122 ¹

189 1197 447 1278 busdamipsum
465 1195 683 1278 tangentibus,
709 1213 819 1260 nonne
840 1196 1022 1259 lrabeshoo
1036 1197 1109 1277 ipso
1124 1213 1223 1259 omne
1238 1195 1275 1257 id

188 1298 276 1380 quod
294 1296 475 1377 requiritur
485 1296 524 1358 ad
542 1296 650 1358 locum
668 1294 917 1359 realem‘tPatet
930 1296 1040 1376 itaque
1053 1295 1276 1359 ubioationem
1371 1297 1372 1322 ¹

188 1412 254 1458 non
271 1414 340 1457 esse
352 1396 472 1457 realem
488 1395 590 1456 ullam
606 1397 772 1457 entitatem
790 1395 920 1476 eorpori
932 1395 1190 1475 superadditam.

228 1493 244 1522 *
257 1493 330 1557 551.
354 1491 410 1555 Est
431 1501 538 1554 autem
556 1511 593 1555 ex
618 1510 651 1554 se
668 1492 785 1556 relatio
810 1493 991 1555 extrinseca
1012 1492 1162 1573 eorporis
1177 1491 1275 1555 locati

189 1591 237 1671 (Ο.
252 1592 323 1672 205)
340 1610 348 1656 :
369 1592 465 1672 hujus
481 1592 569 1654 enim
587 1591 755 1654 relationis
772 1590 1025 1655 fundamentum
1040 1600 1116 1655 sunt
1131 1592 1274 1654 aliorum

189 1708 365 1773 corporum
395 1690 497 1752 reales
532 1689 735 1771 superficies,
769 1709 843 1771 quae
876 1690 1013 1771 quidem
1042 1698 1117 1753 sunt
1147 1688 1274 1770 aliquid

188 1790 407 1853 extrinsecum
424 1790 551 1871 corpori
568 1791 656 1871 qnod
673 1790 816 1854 locatum
829 1790 1063 1853 denominatur
1075 1809 1084 1868 3
1098 1798 1151 1853 aut
1174 1789 1274 1851 etiam

189 1888 378 1970 superficies
399 1888 520 1952 ideales
541 1889 681 1970 spatium
697 1889 804 1953 ideale
824 1898 1065 1971 sonantesque
1084 1906 1150 1952 non
1173 1887 1275 1951 modo

188 1989 376 2051 extrinsece
391 1995 468 2049 sunt
479 1986 610 2069 corpori
632 1988 750 2063 locato,
767 1987 823 2050 sed
845 1994 1000 2068 preterea
1021 2006 1127 2068 neque
1147 1986 1274 2050 suntin

189 2086 369 2150 existentiae
391 2094 488 2148 statu.
1370 2077 1374 2250 ]

229 2186 302 2249 Dixi
319 2203 377 2266 per
392 2204 426 2247 se
443 2202 450 2248 :
466 2183 595 2247 nullum
611 2184 701 2248 enim
716 2191 765 2248 est
785 2202 903 2266 eorpus
919 2185 1007 2267 quod
1031 2184 1224 2248 naturaliter
1238 2184 1274 2245 in
1373 2253 1374 2268 ἶ

188 2285 262 2350 loco
270 2284 323 2360 sit,
338 2282 419 2367 quin
434 2293 549 2365 praeter
560 2283 939 2349 extrinsecaslocationis
952 2283 1137 2360 relationes,
1147 2284 1275 2366 aliquas

187 2402 320 2465 qunque
336 2381 511 2446 relationes
528 2380 721 2445 intrinsecas
741 2382 780 2445 ad
800 2382 1046 2445 niroumatantia
1061 2399 1201 2464 corpora
1216 2384 1276 2445 ha-

188 2481 273 2546 beat.
289 2480 370 2545 Nam
383 2481 501 2543 ‘saltem
517 2498 554 2544 aa
570 2482 743 2562 contingit,
760 2490 791 2544 et
806 2482 840 2545 in
857 2483 921 2546 hoo
937 2483 1141 2563 pressionem
1159 2501 1276 2565 quam·

189 2580 263 2657 dam
276 2587 403 2643 exercet
417 2596 454 2641 ao
467 2581 684 2660 penetrationi
697 2581 795 2643 simul
804 2581 937 2657 resistit,
951 2591 1048 2662 atque
1060 2582 1134 2644 aliis
1145 2600 1280 2664 quoque

188 2679 294 2741 modis
310 2677 343 2739 in
361 2677 417 2739 illa
432 2677 497 2758 agit
512 2694 573 2757 pro
587 2696 653 2740 suae
665 2687 790 2741 nature
805 2678 1004 2742 diversitate.

227 2775 300 2840 552.
327 2778 506 2839 Pnorosrrro
532 2774 572 2838 ll.
598 2775 715 2838 Omnia
729 2795 858 2859 corpora
879 2779 1067 2842 naturaliter
1088 2779 1274 2842 animantia

187 2876 250 2937 taso
265 2875 542 2955 circumscriptive
556 2893 565 2951 ;
580 2862 709 2955 spiritus
723 2886 829 2939 autem
844 2875 1025 2942 definitive.
1105 2880 1108 2887 ’

228 2973 323 3038 Ratio
339 2974 453 3053 primae
467 2975 567 3054 partis
579 2984 638 3049 est,
652 2976 742 3056 quod
755 2992 874 3056 eorpus
887 2976 1078 3043 naturaliter
1090 2984 1138 3039 est
1150 2975 1185 3038 in
1201 2975 1275 3040 loco

188 3074 329 3153 perhon,
343 3073 432 3154 quod
445 3073 626 3143 secundum
639 3091 731 3136 suam
744 3074 967 3140 extensionem
981 3075 1054 3138 loeo
1069 3092 1275 3138 commensu·
1374 3064 1375 3129 l

187 3178 302 3235 ratur:
326 3169 400 3235 ideo
422 3172 510 3233 enim
534 3179 659 3234 eertum
690 3172 827 3252 aliquod
850 3173 993 3253 spatium
1016 3183 1164 3255 occupat,
1194 3175 1273 3255 quia

187 3270 292 3351 ipsius
307 3269 459 3332 volumen
479 3271 562 3332 hano
574 3270 670 3351 spatii
685 3270 871 3350 portionem
884 3269 1045 3352 adaquat.
1059 3273 1272 3336 commensu·

188 3371 386 3434 ratioautem
396 3370 494 3431 nnius
507 3369 547 3430 ad
559 3369 697 3432 alterum
706 3379 753 3432 est
762 3377 792 3432 et
800 3371 981 3433 seeundum
991 3380 1104 3446 totum,
1115 3379 1146 3433 et
1153 3388 1272 3435 secuu-

187 3475 266 3530 uum
280 3475 402 3547 partes3
420 3467 463 3528 ita
479 3476 513 3528 ut
528 3468 587 3529 toti
604 3467 799 3548 respondeat
815 3477 919 3530 totum
932 3477 963 3531 et
976 3469 1059 3549 parti
1074 3486 1159 3550 pars.
1172 3468 1270 3549 Ergo.

229 3565 371 3646 Spiritus
393 3582 479 3638 vero,
506 3582 581 3626 oum
603 3565 785 3645 quantitate
807 3566 937 3630 formali
961 3575 1079 3642 careat,
1103 3584 1271 3630 commen·

186 3665 292 3727 surani
310 3663 383 3726 looo
398 3680 464 3725 non
482 3671 598 3744 potest.
615 3662 672 3725 Vel
689 3680 767 3744 ergo
784 3664 877 3728 nullo
893 3664 992 3730 modo
1008 3666 1042 3725 in
1058 3664 1131 3728 loco
1147 3675 1206 3741 est,
1220 3666 1269 3728 vel

188 3763 222 3823 in
239 3761 378 3841 singulis
394 3761 457 3824 loci
476 3759 623 3841 partibus
639 3761 820 3823 seeundum
837 3780 872 3824 se
887 3771 974 3826 totus
988 3771 1048 3825 est.
1065 3762 1163 3842 Cujus
1180 3764 1270 3826 modi

187 3858 347 3922 existendi
365 3859 550 3939 exemplum
566 3858 703 3939 aliquod
720 3858 821 3922 habes
836 3859 870 3921 in
887 3878 982 3937 sono,
996 3861 1054 3942 qui
1069 3860 1112 3925 ita
1124 3870 1171 3925 est
1184 3871 1271 3927 totus

190 3957 276 4021 intra
292 3966 412 4019 certam
428 3957 569 4037 aliquam
583 3959 758 4037 sphaeram,
775 3966 810 4020 ut
825 3958 975 4021 sitellam
987 3968 1073 4022 totus
1087 3959 1120 4021 in
1133 3960 1272 4040 singulis
1374 3970 1375 3975 ’

186 4054 260 4136 ejus
277 4055 416 4142 punctis,
432 4072 507 4118 cum
524 4055 558 4117 in
574 4054 714 4135 singulis
731 4056 860 4136 punctis
876 4066 963 4120 totus
982 4058 1146 4123 audiatur.
