2792 4600
451 388 536 431 arnan
558 385 720 443 sueonum,
744 386 836 431 saror
857 386 885 430 u.
1148 366 1220 429 ‘tto‘

118 502 234 565 citium
246 504 327 566 actio
339 503 430 566 audit
447 520 454 566 :
473 522 546 584 quae
569 504 734 565 transitiva
747 511 806 576 est,
820 503 846 583 si
872 503 1009 566 mutatio
1037 502 1077 563 ab
1093 513 1210 583 agente

120 601 280 682 producta
297 602 332 664 in
350 602 416 665 alio
443 602 621 681 recipitur;
637 601 839 663 intransitiva
854 621 910 663 seu
922 602 1105 676 immanens,
1122 600 1149 662 si
1171 599 1206 662 iu

37 720 42 725 ·
70 749 74 757 .
118 699 192 780 ipso
209 709 325 780 agente
340 701 531 781 recipiatur.
549 699 607 760 llla
628 709 675 761 est
690 698 848 779 perfectio
865 698 952 773 lacti,
967 709 1001 761 ut
1016 682 1046 762 ὁ.
1060 717 1109 777 gr.
1127 697 1207 761 illu·

118 799 275 876 minatio;
293 799 364 862 haec
379 798 536 881 perfectio
552 798 689 879 agentis,
708 808 742 859 ut
758 797 853 859 visio.

158 897 293 961 Mutatio
319 917 392 978 quae
417 898 458 959 ab
487 907 601 977 agente
622 895 773 976 provenit
790 897 894 976 passio
923 903 1142 975 nuncupatur,
1174 895 1201 957 si

118 1003 207 1058 extra
227 995 410 1075 subjectum
425 1013 523 1076 agens
535 995 712 1075 recipitur;
728 1002 826 1070 nctus,
844 997 870 1056 si
898 995 1060 1057 actionem
1086 995 1206 1055 imma·

118 1104 249 1155 nentem
265 1095 492 1174 consequitur.

157 1189 231 1255 260.
255 1186 436 1256 causalitas'
451 1191 543 1254 linita
560 1192 611 1269 (de
624 1192 752 1254 infinita
766 1192 853 1255 enim
870 1192 973 1269 alias),
992 1208 1109 1271 nempe
1123 1190 1207 1252 ratio

115 1289 285 1365 causandi,
296 1290 468 1353 efficientis
479 1309 583 1354 causas
600 1291 700 1353 linitas
716 1291 861 1371 propria,
879 1292 949 1370 ipsa
964 1289 1034 1368 ejus
1047 1296 1094 1350 est
1106 1288 1203 1367 actio,

114 1406 189 1467 quae
205 1406 336 1469 semper
351 1390 385 1450 iu
417 1389 657 1470 praesupposito
673 1390 820 1468 subjecto
850 1396 1029 1450 exercetur.
1047 1387 1208 1448 Videlicet

115 1487 150 1548 id
173 1487 263 1568 quod
292 1506 422 1550 causam
446 1488 639 1552 efficientem
667 1489 870 1564 denominat,
899 1506 965 1551 non
992 1498 1040 1550 est
1061 1488 1130 1550 sola
1158 1488 1208 1549 vis

114 1585 219 1647 activa
234 1594 290 1648 aut
303 1588 373 1649 sola
388 1587 517 1649 realitas
531 1587 675 1661 effectus,
685 1587 742 1649 sed
759 1589 889 1650 realitas
899 1588 1011 1649 haecut
1026 1606 1043 1649 a
1057 1586 1086 1648 vi
1104 1586 1207 1648 activa

115 1684 150 1745 in
167 1686 411 1765 praesupposito
428 1685 575 1766 subjecto
592 1685 798 1768 producitur.
815 1685 851 1748 V.
875 1703 922 1765 gr.
941 1685 975 1746 id
990 1686 1078 1766 quod
1101 1684 1207 1747 solem

115 1781 362 1845 illuminantem
378 1783 581 1857 denominat,
599 1801 664 1846 non
689 1791 738 1846 est
749 1783 818 1845 sola
841 1784 894 1846 lus
911 1793 966 1845 aut
977 1785 1025 1844 vis
1041 1782 1204 1844 irradians

114 1881 209 1953 solis,
226 1881 283 1942 sed
297 1881 352 1944 lux
368 1892 402 1945 ut
418 1883 515 1945 asole
531 1883 710 1944 irradiante
726 1893 773 1944 est
789 1883 975 1963 incorpore
991 1880 1106 1962 opaca.

155 1978 230 2044 aot.
257 1982 359 2044 Porro
375 1982 459 2043 actio
489 1981 677 2059 hujusmodi
697 1981 782 2044 idem
799 2000 834 2044 re
865 1992 913 2044 est
928 1999 965 2043 ac
980 1981 1101 2061 passio,
1114 1983 1204 2061 juxta

117 2098 326 2143 communem
343 2089 488 2143 veterum
504 2082 713 2153 seutentiam,
728 2101 764 2143 ac
779 2082 906 2143 ratione
932 2082 1001 2143 sola
1016 2081 1057 2142 ab
1080 2080 1136 2141 illa
1152 2080 1205 2142 di·

117 2179 307 2259 stinguitur.
325 2179 446 2241 Revera
476 2180 589 2241 eadem
606 2182 724 2241 entitas
745 2199 817 2259 quae
843 2178 993 2242 educitur
1009 2198 1026 2240 a
1042 2178 1202 2256 subjectu,

118 2288 193 2361 puta
210 2279 310 2354 calor,
328 2299 466 2361 qumque
482 2288 517 2342 ut
532 2291 578 2344 est
589 2281 628 2343 ab
644 2281 698 2342 los
709 2280 745 2343 in
760 2279 957 2354 loc,dicitur
970 2277 1202 2355 actiaeadem,

118 2382 263 2458 inquam,
279 2379 388 2458 prouti
404 2388 452 2440 est
465 2379 501 2440 in
516 2380 571 2440 isac
585 2379 622 2441 ab
639 2380 704 2451 hoc,
718 2380 824 2458 passio
840 2385 1049 2457 nuncupatur
1061 2379 1109 2454 (r).
1121 2375 1205 2439 llinc

117 2486 224 2539 tamen
241 2480 378 2561 minime
391 2478 512 2540 inferre
526 2477 612 2551 licet,
622 2495 720 2558 agens
733 2488 764 2540 et
777 2478 980 2557 patrensem
991 2478 1026 2539 in
1042 2476 1206 2537 abstracto

118 2595 212 2657 agere
230 2586 262 2639 et
288 2577 367 2657 pati,
383 2578 470 2638 idem
487 2596 557 2638 esse
572 2578 754 2639 secundnm
781 2594 863 2650 rem,
880 2594 917 2638 ac
942 2575 1050 2638 solum
1077 2573 1204 2636 ratione

120 2676 289 2756 distingui.
305 2676 386 2738 Nam
413 2695 600 2757 quanquam
630 2677 781 2750 forma-a
804 2694 867 2757 qua
894 2686 958 2737 tam
984 2692 1081 2756 agens
1105 2690 1205 2754 quam

120 2777 242 2856 patiens
259 2777 526 2850 denominantur,
536 2763 579 2840 sit
589 2777 779 2847 eadem,illa
792 2794 910 2856 nempe
925 2793 998 2856 quae
1010 2775 1044 2837 in
1056 2772 1205 2853 subjecto

121 2876 327 2956 producitur3
345 2894 397 2939 res
413 2886 519 2937 tamen
537 2896 609 2958 quas
624 2878 665 2939 ab
678 2877 739 2938 hac
753 2876 858 2938 forma
874 2874 1142 2947 denominantur,
1153 2872 1206 2935 di·

121 2975 241 3037 stinctae
257 2984 346 3051 suut,
360 2992 396 3036 ac
411 2975 554 3038 diversas
569 2975 856 3038 denominationes
869 2973 1047 3053 recipiunt.

160 3073 227 3135 idi.
251 3074 300 3135 Ad
325 3074 498 3154 agendum,
515 3083 551 3137 ut
578 3075 675 3155 paulo
701 3086 775 3137 ante
799 3073 971 3135 innuimus
1000 3072 1096 3150 (⁶259),
1120 3090 1206 3136 non-

123 3190 283 3253 uunquam
300 3174 450 3254 quaedam
480 3176 706 3255 requiruntur,
724 3191 790 3236 nou
814 3175 892 3254 quia
913 3191 1019 3236 causae
1043 3175 1206 3235 rationem

124 3272 323 3352 participent,
337 3273 394 3335 sed
411 3273 489 3354 quia
504 3274 655 3335 virtutem
676 3291 780 3335 causae
796 3273 979 3354 disponunt
990 3282 1021 3335 et
1036 3272 1205 3353 applicant

124 3369 158 3429 ad
173 3372 346 3449 agendum,
363 3372 411 3434 vel
441 3374 555 3435 saltem
579 3373 815 3452 impedimenta
831 3380 998 3435 removent
1013 3392 1086 3452 quae
1102 3372 1204 3435 actio·

125 3483 191 3529 nem
205 3470 395 3549 prohibent.
409 3470 455 3533 Ita
480 3490 510 3535 u.
526 3487 575 3551 gr.
592 3472 646 3533 lux
663 3465 847 3551 requiritur
864 3471 904 3532 ad
927 3470 1153 3543 scribendum,
1171 3478 1203 3533 et

125 3568 309 3645 compedum
343 3570 466 3633 solutio
488 3572 527 3631 ad
564 3570 778 3633 currendum.
805 3571 973 3650 Requisita
1011 3572 1080 3633 haec
1102 3572 1200 3632 etiam
1242 3615 1245 3618 ι

127 3665 300 3728 mnditiones
316 3669 534 3749 appellantur.
551 3670 634 3733 Sunt
662 3681 770 3732 autem
787 3671 883 3731 variae
901 3669 1108 3732 conditiones
1135 3670 1206 3731 istae

131 3779 180 3840 pro
194 3767 279 3826 varia
305 3784 477 3829 causarum
507 3766 809 3849 subiectorumque,
827 3769 860 3830 in
882 3767 1067 3849 quibuslrae
1089 3778 1205 3847 agunt,

130 3858 186 3923 imo
210 3870 240 3924 et
264 3864 497 3944 adiunctorum
533 3865 620 3929 inter
642 3886 715 3947 quae
751 3876 863 3947 agunt,
886 3866 1090 3929 conditione.
1109 3869 1202 3941 Quae·

131 3955 193 4019 dam
225 3980 298 4023 vero
331 3964 375 4025 ita
411 3964 639 4045 requiruntur,
663 3976 699 4029 ut
728 3966 770 4028 iis
807 3965 1052 4039 deficientibus,
1083 3966 1205 4048 aliquae

154 4088 182 4143 (t)
190 4089 223 4135 lix
233 4092 304 4139 trist.
315 4093 360 4140 111.
371 4094 446 4153 Pitye.
458 4102 516 4143 text.
524 4095 561 4143 ²0.
