2792 4600
403 309 429 333 s
447 320 449 323 .

171 362 198 426 4
587 381 831 427 *rnAEnonones

89 542 92 547 ⁴
174 511 937 594 objectumsuntralionesrerumultimaque
949 511 1273 592 mentispraecisione

176 629 196 673 a
225 609 324 672 rebus
353 609 598 675 abstrahuntur.
626 610 785 692 Specialis
812 627 889 673 vero
905 609 939 672 in
955 617 1020 672 tres
1036 620 1141 690 partes
1157 610 1270 673 distri·

122 785 125 789 ¹
176 708 303 789 buitur.
324 708 432 770 Prima
449 717 497 771 est
513 706 724 791 Coemoloqia:
740 710 809 770 haee
825 727 897 789 quae
913 709 954 770 de
970 708 1094 771 mundo
1109 725 1269 789 corporeo

176 807 382 893 generaliora
397 809 832 882 suntetmaximeabstracta,
847 806 1114 888 quasiquoddam
1126 806 1273 887 physice
1303 850 1308 857 -

176 909 467 986 complementum,
477 908 719 988 complectitur
736 908 844 970 Altera
860 916 907 968 est
920 906 1133 986 Pryeholoqia,
1142 924 1215 986 quae
1227 905 1275 966 de.

174 1006 294 1068 animae
310 1007 460 1067 humanae
483 1013 597 1066 natura
613 1015 643 1068 et
659 1004 867 1067 facultatibus
882 1005 958 1084 agit.
975 1003 1081 1066 Tertia
1107 1011 1155 1066 est
1173 1003 1269 1066 Theo·

120 1114 124 1119 ’
177 1082 272 1185 loqio,
301 1122 374 1184 quae
390 1104 430 1165 de
454 1101 573 1166 DeoO.
587 1103 628 1164 Μ
643 1103 787 1164 disserit
802 1103 875 1165 llaec
891 1102 1119 1183 metaphysica
1135 1101 1269 1183 partrtro

175 1220 194 1272 a
209 1201 350 1264 Wolfio
341 1219 407 1280 Jam
423 1202 547 1265 invecta
557 1201 794 1281 posterioribus
805 1201 1091 1275 omnibusarrisit‚
1105 1218 1219 1281 eaque,
1232 1209 1270 1262 ut

177 1317 275 1391 snpra
290 1300 434 1379 dixi,pr0
447 1299 598 1378 praesenti
608 1298 819 1360 scientiarum
830 1315 867 1359 ac
882 1299 1068 1361 studiorum
1076 1299 1269 1363 conditione

171 1399 455 1484 ,opportunissima
471 1396 601 1458 accidit.
619 1397 763 1470 Veteres,
791 1396 847 1476 qui
877 1398 1108 1478 metaphysica
1130 1398 1272 1463 nomine

174 1497 376 1576 ontoloqiam
395 1495 501 1556 solum
516 1503 659 1557 nostram
673 1513 710 1558 ac
724 1494 936 1571 Theoloqiam
950 1494 1268 1576 complectebantur,

175 1613 248 1678 quae
269 1613 330 1657 nos
346 1594 605 1674 iu'psychologia
621 1603 652 1655 et
673 1594 875 1674 cosmologia
894 1594 1111 1674 disputemus,
1125 1595 1166 1656 ad
1183 1595 1267 1674 phy·

175 1694 275 1760 sicam
301 1693 505 1772 rejiciebant.

175 1791 176 1794 ’
216 1794 248 1855 5.
262 1791 371 1854 Potest
382 1799 490 1853 autem
504 1790 685 1852 secundum
704 1792 787 1853 hanc
799 1791 1049 1871 amplitudinem
1061 1800 1267 1871 acceptame·

171 1889 341 1971 taphysiea
357 1897 387 1950 et
403 1907 498 1951 suum
515 1888 657 1950 retinere
670 1897 845 1963 nomen,et
857 1888 1191 1953 delinitioneaveteri
1208 1888 1266 1951 illa

175 2007 242 2053 non
256 1990 396 2051 multum
413 1988 545 2050 dissona
561 1987 718 2052 describi.
732 1989 862 2052 Veteres
874 1988 1019 2065 enim‚ut
1034 1989 1189 2064 diximus,
1200 2006 1268 2050 me·

170 2090 353 2169 taphysicae
364 2088 529 2168 objectum
544 2087 728 2150 statuebant
739 2106 797 2151 ens
810 2087 1026 2151 immateriale
1043 2107 1100 2150 seu
1114 2087 1265 2169 positive,

170 2205 231 2249 sou
247 2186 412 2267 praeeisive
428 2185 482 2263 (2).
498 2185 647 2248 lamvero
672 2185 782 2247 anima
811 2186 966 2262 humana,
989 2204 1178 2267 quanquam
1194 2203 1266 2251 cor-

175 2286 249 2369 pori
277 2286 462 2367 conjuncta,
487 2291 603 2350 natura
620 2295 739 2347 tamen
767 2305 824 2349 sua
840 2285 1065 2349 immaterialis
1088 2293 1151 2362 est;
1168 2284 1267 2348 habet

170 2390 262 2453 caim
279 2408 317 2451 ex
342 2407 388 2462 se,
406 2380 442 2449 ut
468 2386 761 2468 independentera
790 2387 925 2451 materia
950 2395 982 2449 et
1007 2405 1077 2450 esse
1089 2396 1122 2449 et
1134 2385 1264 2468 operari

174 2488 288 2569 possit.
306 2486 513 2565 Cosmologia
528 2493 636 2548 autem
653 2485 687 2547 in
718 2485 844 2548 mundo
871 2503 1034 2567 corporeo
1052 2486 1267 2566 incorporeas

133 2644 137 2651 ,
173 2587 318 2655 rationes
330 2603 367 2646 ac
380 2601 511 2645 sensum
526 2583 792 2646 transcendentes
809 2583 1026 2665 persequitur.
1038 2583 1153 2647 Adbuc
1164 2582 1267 2663 igitur

174 2681 397 2764 metaphysica
419 2697 483 2744 est:
514 2682 656 2759 seientia,
687 2702 752 2764 qaoe
780 2701 935 2744 exterum
949 2683 1122 2746 rationibus
1135 2682 1263 2744 diversi-

170 2780 259 2846 mode
281 2780 475 2853 cilliniacus
488 2780 692 2859 persequitur,
718 2797 784 2859 quc
811 2780 857 2841 vel
879 2799 912 2841 re
925 2780 972 2843 ael
989 2788 1087 2842 mente
1099 2799 1120 2842 e
1134 2779 1265 2841 materia

167 2888 245 2942 suot
255 2880 354 2959 mopis
368 2879 536 2950 obstructae,
563 2895 742 2959 sensumque
754 2879 1036 2962 trunsqredicntur.

187 3023 191 3034 .
214 2978 372 3041 Ceterum
385 2977 433 3039 vel
447 2996 484 3039 ex
499 2978 559 3039 hac
571 2978 777 3057 objectorum
789 2977 1264 3058 nobilissimorumcireaquae

172 3076 392 3158 metaphysica
417 3084 575 3151 versatur,
592 3076 797 3156 expositione
810 3076 875 3155 jam
891 3076 1002 3138 videre
1014 3085 1074 3148 est,
1091 3075 1263 3138 scientiam

137 3201 140 3208 ¹
167 3175 255 3237 hanc
269 3175 354 3236 inter
371 3174 456 3254 ipsas
470 3174 718 3255 philosophicas
734 3173 926 3254 disciplinas
938 3174 1215 3238 fundamentalem
1232 3184 1264 3237 et
1307 3254 1311 3258 st
1338 3221 1340 3224 .

170 3274 370 3355 praecipnam
400 3290 481 3334 esse.
500 3271 572 3352 lpsa
587 3272 676 3334 enim
706 3280 765 3347 est,
782 3289 855 3352 quae
870 3271 1021 3334 notiones
1037 3281 1068 3334 et
1084 3272 1260 3352 principia,

169 3370 294 3453 quibus
309 3370 454 3431 scientiae
468 3386 583 3431 omnes
596 3368 744 3448 indigent
758 3385 796 3429 ae
808 3369 929 3449 passim
941 3376 1089 3444 utuntur,
1106 3370 1261 3446 illustrat;

168 3465 1263 3552 quaereritatesinomnicognitionumordinefundamentaleseon·

166 3566 373 3647 stituit3quae
386 3564 454 3644 ipsa
467 3563 687 3644 cognoscendi
705 3565 922 3626 instrumenta
934 3563 1053 3627 evolvit
1065 3574 1097 3627 et
1107 3565 1260 3647 explicat.

165 3666 215 3730 Ac
240 3663 382 3746 proinde
411 3663 529 3725 merito
556 3662 718 3743 appellata
747 3671 796 3724 est
824 3662 1041 3743 Philosophia
1056 3665 1173 3743 prima,
1192 3665 1261 3728 imo

168 3762 365 3845 simpliciter
380 3772 411 3823 et
428 3759 563 3841 proprio
577 3760 712 3823 nomine
727 3759 940 3840 Philosophia
952 3778 989 3823 ac
1000 3762 1182 3843 Sapientia;
1193 3763 1261 3826 dis·

164 3864 293 3974 ciplina
319 3863 395 3923 item
419 3860 696 3923 architectonica
688 3860 872 3940 ,dignitate
901 3861 1035 3924 demum
1063 3871 1095 3925 et
1122 3864 1261 3926 utilitate

166 3961 324 4066 princeps
355 3958 574 4021 humanarum
605 3957 817 4021 scientiarum
839 3958 1038 4022 acdomina
1056 3960 1261 4035 Quaeomnia

170 4034 320 4124 tractatio
347 4056 417 4138 ipsa
432 4074 542 4120 rerum
547 4057 741 4138 ,multoque
752 4057 856 4150 magis
871 4075 950 4120 usus
961 4057 1081 4139 cuique
1094 4058 1258 4140 probabit
