2792 4600
205 298 267 363 att
682 314 874 362 cosnonocn.

204 453 222 490 u
245 438 339 494 terrae
354 427 513 510 partibus,
534 426 642 510 iisque
657 427 743 491 inter
758 448 792 492 se
807 428 932 491 dissitis
947 438 1080 509 operata
1100 436 1159 505 est,
1188 427 1298 509 potuit

207 551 221 587 r
246 527 380 591 materia
396 528 514 591 eximo
530 526 565 589 in
577 545 685 590 aerem
701 526 858 608 ejaculata
869 527 1103 591 obscuritatem
1118 525 1297 609 qnamdam
1320 576 1325 585 .

208 651 223 685 α
247 626 428 709 producere
451 637 486 689 ut
501 646 586 709 saepe
602 627 637 689 lit
653 627 686 690 in
700 626 810 708 aliqua
824 636 915 707 parte
930 627 1016 689 aeris
1034 644 1137 709 quum
1165 627 1296 708 ignivo-

207 748 222 784 v
247 743 377 789 morum
396 726 558 789 montium
575 725 683 789 fauces
698 734 859 789 eructant.
879 725 999 788 Praeter
1020 725 1211 807 ejaculatam
1227 743 1299 804 ma·

207 847 222 884 r
247 825 374 903 teriam,
401 843 551 907 magnam
573 832 707 906 quoque
732 825 860 906 vaporis
888 825 953 887 vim
979 834 1059 889 tunc
1078 826 1246 902 elevatam,
1264 832 1298 888 ot

207 945 318 989 «cum
342 944 462 1007 vapore
484 925 675 988 innumeras
702 925 933 1006 heterogsneas
958 924 1135 1005 particulas
1158 944 1231 1006 quae
1260 924 1297 992 in

207 1051 222 1085 α
245 1043 328 1107 aqua
344 1034 422 1088 tunc
437 1033 539 1100 orant,
556 1023 718 1087 estimare
734 1041 962 1104 possumus...

247 1147 262 1185 s
286 1122 353 1188 Nec
374 1122 455 1186 illud
473 1121 705 1203 probabilitate
720 1130 819 1196 caret,
839 1122 911 1201 ipso
935 1120 1032 1184 initio
1051 1121 1181 1185 dierum
1197 1138 1296 1201 gene·

208 1247 223 1284 r
246 1226 408 1287 siacorum
425 1222 545 1302 quarti,
570 1221 678 1302 quinti
702 1230 734 1283 et
754 1221 835 1284 sexti
857 1230 923 1283 tres
950 1221 1171 1285 revolutiones
1194 1220 1298 1286 luisse

207 1348 222 1383 r
246 1326 278 1387 in
295 1323 424 1397 tellure,
442 1331 473 1384 et
487 1320 528 1382 ab
552 1321 603 1383 bis
619 1320 816 1383 elevationes
832 1339 942 1396 novas,
960 1320 1100 1402 maiores
1116 1320 1225 1383 adhuc
1238 1320 1295 1397 iis,

156 1435 160 1442 *
207 1446 221 1481 v
246 1438 328 1504 quas
343 1419 437 1483 tertia
454 1420 523 1481 haec
539 1418 695 1500 periodus
718 1418 864 1494 adduxit,
888 1417 1062 1499 prolectas.
1078 1418 1298 1483 Animadver-

207 1541 223 1581 ι
248 1527 357 1584 terunt
379 1517 518 1599 geologi,
535 1517 593 1578 bas
610 1517 737 1580 telluris
757 1517 1020 1598 perturbationes
1037 1526 1070 1581 ut
1086 1518 1196 1582 minus
1209 1518 1298 1582 anti·

207 1641 222 1676 v
246 1636 322 1699 qum
335 1626 424 1693 sunt,
442 1617 486 1679 ite
507 1617 646 1695 majores
671 1616 804 1679 effectus
831 1616 1049 1699 produxisse;
1072 1627 1141 1679 tum
1162 1634 1298 1698 qnoque

206 1741 221 1778 ι
247 1716 296 1780 vel
312 1724 386 1779 ante
410 1718 467 1778 bas
488 1713 751 1796 perturbationes
775 1713 947 1790 accidisse,
971 1716 1019 1778 vel
1046 1714 1087 1778 ab
1117 1715 1164 1777 eis
1193 1714 1298 1786 fuisse

208 1837 224 1877 r
248 1815 398 1879 inductas
419 1812 618 1876 mutationes
647 1812 805 1893 quasdam
828 1814 863 1877 iu
884 1832 969 1895 aqua
989 1823 1021 1876 et
1043 1815 1077 1876 in
1093 1831 1167 1876 aere
1182 1811 1304 1894 magni¹

208 1935 224 1973 r
248 1912 420 1989 momenti,
438 1910 560 1993 quibus
576 1910 696 1975 lactum
713 1923 772 1988 est,
790 1926 825 1976 ut
839 1914 909 1982 brec
924 1914 1032 1977 media
1054 1913 1233 1977 existentiae
1256 1930 1299 1975 ac

209 2010 422 2075 «nutritioni
453 2028 611 2074 novarum
635 2012 789 2076 classium
816 2014 993 2077 viventium
1018 2023 1093 2094 apte
1118 2012 1297 2077 redderen-

208 2131 223 2168 ‹
248 2117 354 2173 tur....
371 2106 442 2172 Non
457 2108 598 2171 absurde
621 2108 721 2190 igitur
747 2130 934 2192 supponere
952 2129 1126 2192 possumus
1137 2110 1299 2192 operibns

209 2232 223 2265 ι
247 2208 348 2270 trium
365 2207 484 2270 horum
509 2206 637 2270 dierum
655 2210 859 2289 precessisse
874 2209 1105 2273 obscuritatem
1121 2227 1139 2271 a
1153 2209 1300 2272 maxima

209 2330 223 2367 r
248 2308 342 2388 copia
357 2324 515 2388 vaporum
535 2318 776 2386 concretorum,
799 2329 905 2373 arenae
928 2321 960 2373 et
983 2311 1122 2374 aliarum
1149 2311 1299 2373 molecu·

208 2427 223 2464 a
248 2405 353 2468 larum
369 2424 408 2467 ex
430 2406 497 2470 imo
517 2408 762 2487 erumpentium
784 2409 971 2473 effectam...
1002 2409 1169 2491 Dispersio
1195 2407 1300 2490 huJus
1323 2459 1326 2465 .

209 2528 224 2561 α
247 2502 398 2583 caliginis
414 2510 444 2567 et
456 2504 619 2568 restitutio
635 2507 718 2570 lucis
732 2526 821 2570 mooe
837 2509 903 2570 dici
922 2516 1027 2589 potest
1043 2510 1092 2587 (ι).
1111 2530 1126 2566 r

246 2601 320 2666 5⁹24.
337 2601 414 2664 Post
440 2603 524 2665 banc
545 2603 730 2683 periodum,
761 2606 920 2687 dissipato
946 2624 1105 2689 vaporum
1131 2604 1300 2669 nebuloso

206 2702 344 2777 fornice,
360 2721 427 2783 quo
443 2703 540 2767 tellus
558 2705 725 2787 bucusque
740 2707 975 2771 circumcincta
1001 2708 1115 2784 luerat,
1134 2708 1197 2784 sol,
1215 2707 1299 2771 luna

207 2820 245 2864 ac
256 2801 358 2864 stelle
381 2800 415 2863 in
431 2810 515 2864 terra
530 2802 635 2865 videri
649 2815 828 2885 coeperunt.
855 2806 987 2889 ‹ldque
1003 2808 1052 2870 vel
1067 2807 1227 2889 gradatim
1247 2805 1297 2872 ob

208 2924 224 2960 ι
248 2899 411 2962 naturales
425 2917 537 2962 causas
553 2899 640 2965 lente
655 2911 686 2963 et
697 2904 828 2967 assidue
846 2914 1030 2986 operantes,
1047 2906 1108 2981 vel,
1122 2904 1211 2988 quod
1225 2905 1300 2975 lor·

209 3023 225 3058 ι
249 3011 331 3061 tasse
346 2996 553 3078 probabilius
574 3009 632 3075 est,
648 3001 692 3064 ob
713 3001 857 3084 aliquam
884 3021 1035 3085 magnam
1053 3004 1298 3085 catastropham

206 3120 224 3158 u
246 3114 320 3178 quae
335 3096 481 3158 terrestri
497 3099 722 3179 atmospbaerae
737 3102 916 3165 notabilem
931 3104 1040 3166 attulit
1062 3103 1296 3181 mutationem,

207 3217 222 3251 ι
248 3206 280 3257 et
294 3193 469 3257 continuos
482 3194 558 3259 illos
574 3215 709 3278 vapores
725 3198 931 3280 disperdens,
948 3217 1057 3263 aerem
1072 3200 1175 3262 radiis
1190 3186 1298 3266 astro·

207 3313 225 3352 u
249 3308 323 3353 rum
340 3290 572 3371 permeabilem
588 3292 664 3357 lecit
679 3297 730 3374 (a).
748 3319 763 3355 v
781 3298 884 3371 Quem
899 3297 1034 3379 quidem
1056 3308 1207 3364 eventum
1230 3298 1298 3365 hoc

205 3398 354 3471 tempore
366 3390 554 3472 contigisse,
570 3392 640 3454 sola
656 3411 716 3456 nos
739 3393 833 3458 docet
851 3395 971 3479 Moysis
990 3398 1158 3477 narratio,
1186 3389 1298 3481 neque

206 3487 240 3551 id
255 3486 400 3569 profecto
413 3487 546 3551 aliunde
560 3488 672 3571 colligi
695 3501 832 3573 poterat.

246 3585 321 3655 525.
338 3585 674 3668 lnsequentiepooba
696 3591 842 3656 marinos
863 3592 1010 3674 reptiles,
1028 3556 1220 3671 testudines,
1241 3593 1297 3676 pi·
1342 3640 1346 3645 -

205 3703 287 3761 soes,
304 3684 447 3766 reptilia,
465 3685 617 3762 volantia,
633 3688 782 3771 alalaque
797 3692 929 3769 insecta,
946 3711 1018 3755 aves
1034 3693 1168 3756 demum
1181 3710 1296 3757 rerum

205 3781 358 3847 conditor
373 3781 507 3847 effinxit.
526 3807 541 3844 r
559 3783 632 3849 llaec
646 3785 730 3863 dies,
747 3807 786 3852 ex
797 3790 975 3872 geologicis
992 3790 1153 3855 doctrinis
1169 3791 1297 3874 longis·

219 3890 502 3989 ‘vrvopucr'xnvrt

232 4001 429 4062 vvrrsvaasvr.
