2792 4600
195 427 256 493 loa
443 451 445 453 ·
627 439 818 486 cosuonocm.

195 559 280 640 lapis
295 574 425 621 sursum
444 553 656 632 ascenderet;
680 552 879 635 quandoque
894 562 1003 616 antem
1019 553 1089 617 haec
1105 553 1282 638 dispositio

195 658 236 719 ad
265 655 454 736 oppositum
477 661 525 715 est
553 651 831 715 tantummodot'n
856 650 1000 731 opinione
1026 653 1226 728 admirantis,
1248 660 1287 715 ut
1385 661 1386 738 J

196 774 299 838 quum
317 773 399 835 puer
415 754 523 834 primo
538 750 626 813 videt
641 751 765 814 lerrum
780 750 820 813 ad
836 759 1018 831 magnetem
1034 751 1152 817 attolli.

237 854 387 933 Denique
402 859 506 931 potest
521 850 653 912 effectus
676 859 799 912 natnrae
815 867 1001 929 repugnans
1015 850 1064 911 vel
1081 867 1151 912 esse
1167 856 1289 930 preter

197 951 281 1014 vires
297 962 329 1014 et
341 950 492 1016 ordinem
509 947 647 1029 alicujus
664 956 787 1011 naturae
803 948 1022 1028 particularis,
1037 956 1073 1011 ut
1084 966 1187 1028 quum
1202 947 1287 1029 lapis

198 1069 216 1113 a
231 1053 387 1131 quopiam
404 1066 535 1113 sursum
553 1047 726 1129 proiicitur
739 1065 749 1124 ;
764 1049 813 1109 vel
830 1065 899 1109 esse
915 1057 1032 1129 praeter
1046 1047 1131 1108 vires
1146 1055 1177 1109 et
1193 1045 1286 1111 ordi·
1386 1069 1387 1098 ι

198 1166 277 1212 nem
290 1166 401 1210 rerum
414 1146 563 1209 omnium
576 1152 771 1220 creatarum,
785 1153 820 1207 ut
830 1145 858 1207 si
873 1145 956 1225 lapis
969 1145 1059 1208 nulla
1071 1145 1100 1205 ui
1118 1144 1289 1207 attollente

198 1256 254 1309 aut
283 1245 477 1326 projiciente
491 1261 622 1305 sursum
644 1243 845 1305 ascenderet.
871 1242 944 1305 llaec
968 1242 1110 1305 dicimus
1129 1241 1289 1305 excedere

199 1345 349 1408 ordinem
373 1343 626 1422 tarditatemque
640 1342 742 1405 totius
757 1350 881 1403 naturae
903 1350 1029 1405 create.
1135 1406 1138 1411 ,

240 1443 313 1509 455.
332 1443 426 1507 Hisce
442 1439 644 1522 prestantis,
658 1442 705 1501 sic
717 1440 888 1503 conclusio
901 1440 1068 1520 proposita
1084 1439 1292 1501 demonstra·

201 1553 264 1604 tur.
281 1540 476 1604 lliraculum
491 1539 626 1620 proprie
641 1547 823 1618 acceptum,
840 1555 916 1601 cum
931 1539 974 1600 sit
988 1537 1115 1618 aliquid
1134 1554 1207 1599 vere
1222 1535 1290 1597 mi·

201 1641 315 1715 nobile,
333 1658 370 1702 ac
386 1638 527 1701 maxime
543 1636 704 1710 mirabile,
721 1637 804 1700 illud
820 1645 868 1698 est
883 1636 1072 1709 dicendum.
1089 1640 1122 1697 ln
1138 1652 1205 1716 quo
1220 1634 1291 1696 duo

202 1739 358 1819 illaque
373 1736 625 1801 admirationem
647 1737 796 1817 gignunt,
814 1736 953 1798 maxima
970 1747 1046 1799 sunt
1060 1754 1069 1811 ;
1085 1735 1238 1798 videlicet
1255 1736 1291 1797 in

203 1857 269 1920 quo
284 1855 380 1900 causa
395 1844 443 1899 est
458 1835 692 1910 occultissima,
710 1849 740 1898 et
755 1835 887 1898 effectus
903 1846 950 1898 est
973 1837 1001 1898 ei
1018 1836 1075 1916 qui
1099 1835 1293 1915 contingere

203 1938 323 2000 debere
339 1936 515 2009 videretur,
547 1935 689 1996 maxime
717 1935 900 2016 oppositus.
931 1935 995 1997 Sed
1018 1953 1114 1998 cansa
1134 1935 1291 1999 occultis·

204 2037 287 2100 sima
302 2035 472 2111 estlleus3
503 2034 636 2097 effectus
664 2044 774 2096 autem
795 2034 825 2097 ei
852 2035 909 2116 qui
936 2036 1126 2115 contingere
1155 2035 1292 2098 deberet

204 2134 344 2196 maxime
358 2133 531 2214 oppositus
547 2132 605 2194 ille
616 2141 675 2206 est,
690 2134 746 2212 qui
763 2132 862 2194 totius
874 2141 998 2195 naturae
1010 2144 1125 2195 create
1136 2133 1291 2195 ordinem

204 2251 242 2295 ac
256 2232 440 2294 facultatem
452 2230 590 2308 excedit,
604 2230 661 2312 qui
678 2231 812 2312 quidem
829 2232 1038 2298 solummodo
1049 2233 1153 2295 ileum
1170 2233 1294 2296 habere

206 2339 310 2411 potest
339 2340 517 2394 auctorem.
547 2328 633 2410 Ergo
662 2331 858 2394 miraculum
887 2333 1020 2411 proprie
1043 2341 1212 2413 acceptum
1242 2344 1294 2396 est

205 2431 347 2504 effectus,
369 2431 426 2510 qui
456 2430 556 2493 totius
576 2442 700 2492 naturae
729 2440 843 2493 ereata
864 2431 1017 2494 ordinem
1046 2449 1084 2497 ac
1106 2431 1294 2495 laenitatem

205 2528 342 2592 excedit.
431 2542 434 2548 “

246 2625 320 2690 456.
339 2625 423 2688 Hinc
448 2625 611 2705 intelliges
638 2626 670 2687 l⁰
690 2625 764 2689 Non.
778 2626 811 2688 id
840 2644 938 2690 omne
964 2628 1052 2709 quod
1082 2630 1150 2692 sola
1171 2630 1294 2694 virtute

207 2725 318 2788 divina
335 2724 405 2787 lieri
429 2733 546 2805 potest,
567 2742 637 2786 esse
652 2725 849 2789 miraculum
870 2727 1003 2808 proprie
1018 2728 1155 2806 dictum,
1172 2732 1230 2794 sed
1257 2729 1293 2793 id

209 2824 446 2897 tantummodo,
463 2822 552 2903 quod
573 2823 643 2887 sola
668 2824 785 2888 virtute
802 2824 964 2889 divinarit
990 2827 1024 2890 in
1040 2829 1137 2892 rebus
1154 2831 1232 2906 illis,
1257 2831 1295 2893 in

209 2923 329 3005 quihus
342 2921 523 2984 secundum
537 2931 659 2984 naturae
670 2934 786 2987 creatae
797 2922 948 2987 ordinem
961 2928 1149 3008 oppositum
1162 2929 1295 2992 contin-

130 3061 133 3066 -
209 3038 283 3101 gere
298 3018 441 3084 deberet.

249 3117 283 3179 ιθ
298 3114 503 3198 Quapropter
517 3116 638 3180 creatio
654 3135 765 3181 rernm
782 3138 819 3182 ex
835 3121 942 3185 nihilo
959 3122 993 3184 in
1009 3125 1166 3205 temporis
1183 3125 1295 3204 initio,

208 3225 239 3277 et
254 3216 377 3278 creatio
399 3214 686 3296 animarumque
707 3217 742 3280 lit
757 3219 791 3279 in
818 3229 1005 3301 temporum
1020 3222 1116 3297 serie,
1135 3224 1296 3288 miracula

210 3315 345 3394 proprie
360 3330 427 3375 non
457 3321 544 3376 sunt.
561 3312 642 3375 Nam
671 3316 793 3379 creatio
815 3335 853 3379 ex
870 3318 978 3382 nihilo
1007 3337 1073 3383 non
1089 3323 1232 3402 pertinet
1246 3342 1299 3386 se-

209 3411 354 3475 cundum
377 3423 501 3474 natnrae
515 3412 666 3475 ordinem
687 3414 727 3476 ad
743 3415 887 3497 aliquam
903 3419 1001 3482 aliam
1017 3437 1160 3498 causam,
1177 3431 1298 3504 preter

209 3511 325 3573 Deum.

250 3609 284 3671 5⁰
298 3607 455 3671 lliracula
470 3609 604 3690 proprie
619 3610 705 3673 dicta
718 3611 800 3676 liunt
814 3618 884 3679 solo
895 3616 954 3679 [tei
968 3618 1156 3699 imperio,et
1169 3639 1209 3683 ex
1224 3622 1296 3703 eius

210 3708 402 3770 auctoritate
429 3706 463 3769 in
486 3708 572 3770 vires
600 3708 753 3791 legesque
771 3722 906 3777 naturae.
936 3714 1017 3779 Nam
1041 3719 1068 3779 si
1098 3717 1215 3782 tierent
1238 3738 1298 3801 per

211 3807 466 3888 applicationem
482 3807 620 3888 alicujus
635 3826 740 3872 causae
753 3813 990 3896 secundae,jam
1010 3815 1095 3891 iutra
1110 3820 1297 3901 naturalem

210 3904 360 3967 ordinem
376 3904 635 3971 continerentur.

252 4004 286 4066 4⁰
309 4003 392 4065 llinc
407 4011 495 4083 patet
510 4004 687 4070 discrimen
703 4007 855 4071 miraculi
871 4029 890 4073 a
904 4013 994 4076 miro.
1012 4013 1130 4077 llirum
1145 4016 1234 4079 euim
1248 4026 1299 4082 est

213 4100 376 4181 quidquid
407 4103 570 4166 insuetum
595 4114 644 4167 est
670 4106 705 4169 in
727 4116 850 4172 naturae
878 4112 1046 4196 sensibilis
1072 4133 1183 4192 cursu,
1207 4118 1300 4199 quod
