2792 4600
449 332 536 378 111111
558 333 677 392 neruus,
701 334 854 402 1110111.
1014 361 1018 369 ·
1145 323 1208 386 315

73 455 86 474 ‘
115 444 261 507 »causis
291 445 445 508 secundis
474 446 611 527 largitur
639 447 792 510 virtutem
820 448 937 529 agendi
963 451 1013 529 11).
1038 474 1053 510 1
1082 454 1126 518 Ex
1143 449 1208 519 hoe

113 544 282 628 principio
297 542 372 607 linit
387 554 503 626 sponte
519 547 654 609 assertio
667 548 847 627 proposita.

155 644 188 706 2⁰
203 644 244 708 Ut
257 645 290 705 in
308 644 503 726 praecedenti
519 645 623 727 capite
639 645 825 708 dictumest
843 646 915 726 (188
936 649 969 710 in
986 649 1072 729 fine),
1089 652 1211 717 virtute

113 742 230 812 divina
256 743 329 807 11011
358 752 474 825 potest,
495 754 531 808 ut
550 745 720 809 resistendi
743 746 804 822 vis,
831 766 888 814 seu
917 748 1211 832 impenetrabilitas

112 841 249 923 propria
261 842 451 905 substantiae
467 860 644 924 corporea,
661 843 774 924 aliquo
791 844 825 905 in
847 844 919 907 1000
949 855 1108 922 exeratur,
1127 852 1211 931 quin

111 942 165 1005 101
196 942 309 1004 ullum
327 961 448 1023 corpus
465 943 514 1004 vel
530 943 620 1005 aliud
637 961 735 1024 agens
757 944 983 1025 quodcunque
1013 947 1042 1007 vi
1075 952 1212 1031 propria

113 1041 255 1105 resistat.
274 1041 343 1105 Hoc
359 1054 465 1105 autem
483 1043 531 1104 vel
547 1060 649 1105 unum
667 1043 797 1117 sufficit,
816 1055 851 1106 ut
868 1035 1001 1106 effectus
1017 1063 1132 1111 omnes
1150 1051 1212 1112 ali·

16 1221 17 1224 Ἴ
112 1139 209 1222 cujus
224 1141 374 1223 corporis
388 1142 515 1223 proprii
531 1142 602 1204 sine
618 1142 677 1205 illo
693 1161 833 1223 corpore
855 1144 1091 1224 producantur.

157 1240 230 1305 851.
251 1241 314 1303 Fac
337 1241 457 1323 itaque,
481 1241 608 1304 sublata
626 1262 655 1305 v.
679 1261 727 1323 gr.
747 1244 840 1325 panis
856 1244 1048 1321 substantia,
1066 1247 1212 1313 divinam

113 1339 268 1403 virtutem
285 1339 424 1414 efficere,
442 1340 527 1403 utin
544 1340 617 1403 1000
639 1341 696 1403 11111
710 1353 778 1404 erat
795 1343 899 1423 panis,
915 1344 1065 1425 intraque
1078 1348 1212 1411 eosdem

113 1438 251 1513 limites,
266 1437 450 1501 resistentia
463 1439 632 1514 habeatur,
647 1438 762 1502 eodem
777 1440 876 1504 modo
889 1453 987 1522 atque
1000 1443 1130 1518 ordine,
1145 1465 1214 1527 qno

115 1555 134 1599 a
157 1537 250 1618 panis
273 1536 365 1599 illius
388 1539 505 1598 atomis
527 1545 624 1618 atque
641 1538 815 1601 moloculis
831 1540 1055 1605 exercebatur.
1079 1542 1126 1605 Ex
1149 1545 1215 1609 hoc

116 1635 207 1698 illico
220 1633 358 1697 habebis
370 1634 604 1710 extensionem,
617 1653 756 1717 eamque
772 1636 929 1699 mobilem
945 1656 983 1700 ac
997 1639 1213 1722 divisibilem,

116 1734 259 1797 similem
273 1734 307 1796 in
323 1734 479 1797 omnibus
491 1735 672 1798 extensioni
692 1736 802 1816 panis;
820 1736 958 1799 habebis
973 1741 1121 1803 eamdem
1134 1742 1216 1825 ligo·

117 1850 200 1906 ram,
217 1833 451 1909 coliaesionem,
469 1833 625 1896 duritiem
645 1842 842 1914 caeterasque
860 1836 1032 1916 qualitates
1048 1843 1216 1919 generales

117 1942 149 1996 et
163 1932 321 2014 speciales
343 1929 426 2009 (158,
445 1932 528 2013 159),
546 1951 627 2014 quas
643 1935 739 2015 panis
756 1950 822 2015 prae
844 1953 878 1995 se
896 1934 1029 1997 ferebat.
1051 1939 1216 2003 Accedent
1305 1961 1309 1969 ⁴

118 2032 215 2097 undae
230 2032 415 2108 luminosas,
433 2040 464 2094 et
479 2034 512 2094 in
530 2034 585 2095 illa
601 2033 776 2131 superficie
792 2034 908 2097 eodem
925 2035 1022 2100 modo
1044 2037 1216 2100 modifica·
1248 2036 1253 2043 ’

117 2131 243 2196 buntur
257 2150 294 2195 ac
310 2130 552 2205 diffundentur,
570 2150 607 2194 ac
623 2132 714 2212 prins
730 2150 747 2193 3
763 2130 937 2212 superficie
953 2133 1047 2213 panis
1064 2152 1073 2211 ;
1097 2137 1215 2199 calori-

119 2248 192 2294 cum
207 2230 325 2294 eodem
346 2228 445 2292 modo
461 2229 786 2311 impenetrabilitates
803 2230 874 2292 illas
895 2232 1051 2294 atomicas
1067 2251 1216 2300 commo·

17 2388 18 2399 ,
118 2328 205 2392 vobit
222 2347 230 2392 ε
248 2336 344 2410 atque
361 2327 457 2391 undae
478 2345 606 2390 sonora
622 2328 655 2389 in
669 2346 744 2390 aere
759 2328 873 2390 eodem
891 2330 990 2393 modo
1008 2349 1044 2392 ao
1067 2334 1158 2411 prius
1173 2335 1217 2398 ab

18 2446 19 2477 t
120 2430 308 2494 extensione
332 2429 392 2490 bac
410 2427 607 2490 ciebantur:
629 2427 768 2507 gravitas
785 2427 918 2489 demum
939 2431 1216 2514 attractionesque
1272 2449 1276 2455 ·

120 2548 234 2593 omnes
256 2528 377 2590 eaedem
391 2535 506 2590 erunt.
528 2526 612 2588 ilinc
632 2534 747 2601 tactus,
771 2525 871 2599 visus,
894 2526 1036 2602 auditus,
1050 2536 1162 2609 gustus
1179 2533 1216 2594 in

19 2618 20 2693 i
121 2646 155 2691 ea
167 2627 360 2690 extensione
372 2626 537 2706 reperient
545 2625 670 2700 eadem,
680 2642 754 2706 quae
766 2632 859 2686 antea
870 2626 1090 2705 reperiebant,
1104 2647 1215 2710 neque

18 2742 19 2795 J
121 2725 406 2790 hanc'substantiae
422 2724 644 2805 apparentiam
660 2724 1149 2789 averasubstantiaintellectus
1164 2730 1213 2791 rei

18 2810 19 2825 ¹
121 2815 540 2912 ἰ11101111(111001110111110
564 2839 631 2885 non
649 2823 754 2885 solnm
780 2822 916 2883 hnmani
939 2831 1066 2896 sensus,
1097 2825 1153 2887 sed
1183 2834 1217 2889 et

121 2925 232 2998 aetber,
251 2931 283 2985 et
310 2939 377 2997 aer,
394 2931 426 2982 et
444 2937 583 3000 corpora
602 2932 729 2993 caetera,
754 2922 781 2982 si
804 2937 918 2982 sensns
940 2929 1047 2993 essent
1070 2927 1214 3003 capacia,

121 3028 314 3102 apparentes
330 3020 402 3082 illas
418 3018 596 3080 moleculas
608 3035 836 3100 apparensque
858 3019 942 3080 illud
957 3036 1076 3100 corpus
1092 3041 1109 3082 a
1129 3023 1217 3086 veris

122 3118 293 3183 molecnlis
308 3135 450 3197 veroque
464 3132 603 3197 corpore
616 3133 683 3178 non
700 3115 949 3195 distinguerent.

95 3265 102 3278 .
160 3215 235 3281 858.
258 3216 304 3278 De
325 3208 485 3280 odoribus
508 3213 660 3295 specialis
680 3215 828 3294 quaedem
851 3215 978 3277 videtur
1000 3217 1109 3296 vigere
1131 3220 1217 3282 diffi-

121 3316 237 3390 cultas,
255 3328 330 3376 cum
347 3312 381 3374 bi
398 3297 697 3375 minutissimorum
717 3314 990 3391 corpusculorum
1010 3314 1160 3393 effluviis,
1178 3336 1218 3383 ac

121 3411 263 3494 proinde
283 3410 540 3473 substantiarum
562 3410 704 3491 quadam
726 3411 943 3474 multitudine
967 3423 1127 3495 constent.
1150 3416 1218 3481 Sed

121 3528 233 3575 revera
248 3508 424 3571 difficultas
436 3509 588 3590 specialis
604 3510 639 3571 in
653 3510 717 3573 boc
729 3510 820 3572 nulla
836 3520 884 3572 est
900 3528 909 3587 ;
927 3529 1002 3573 nam
1017 3531 1091 3576 cum
1105 3515 1220 3580 divina

121 3608 224 3671 virtus
254 3607 405 3689 suppleat
427 3606 665 3670 moleoularuni
687 3609 838 3672 omnium
861 3610 953 3690 prins
979 3612 1219 3679 cohaerentinm

122 3707 353 3781 resistentiam,
372 3715 403 3767 et
421 3704 622 3786 hujusmodi,
641 3715 675 3769 ut
690 3707 738 3769 sic
754 3708 874 3784 dicam,
893 3699 1090 3772 'resistentia
1111 3714 1234 3797 mole-y

123 3803 249 3866 culares
281 3803 400 3865 iisdem
426 3803 570 3865 motibus
593 3805 758 3885 agitentur
778 3805 899 3886 quibus
922 3816 1015 3869 atitea
1044 3810 1219 3874 molooniae

124 3901 351 3966 substantiales
366 3901 573 3982 agitabantur
589 3921 598 3980 ;
620 3901 767 3983 prolecto
783 3904 840 3966 ille
855 3922 988 3985 quoque
1003 3917 1111 3972 motus
1127 3909 1219 3973 iniis

154 4033 432 4091 (licaniacensis.
445 4011 601 4079 1101111.

273 4107 484 4162 lnsrlruutonss,
505 4106 564 4148 ETG.
586 4106 617 4147 ll.
1039 4111 1066 4149 u
