2792 4600
202 323 262 388 240
637 339 829 386 eosnetoen.

200 457 409 526 elementum,
424 473 465 517 an
481 472 556 516 vero
569 456 639 535 ipsa
650 474 783 536 quoque
796 475 834 518 ex
845 456 920 517 aliis
931 455 1105 519 elementis
1117 458 1297 524 coalescat.

241 552 459 625 Quaestionem
476 554 679 634 propositam
691 555 736 616 ita
749 554 972 630 tractabimus
986 568 1020 618 ut
1037 557 1146 637 primo
1161 557 1294 638 opinio·

200 650 442 732 resumebam,
461 669 534 732 ques
546 650 724 731 probandae
740 643 837 715 nobis
862 669 928 715 non
955 652 1120 729 videntur,
1138 656 1292 718 excluda-

199 769 284 825 mus,
301 769 339 813 ae
353 751 475 814 deiude
490 750 571 831 quid
587 751 798 814 sentiendum
815 752 856 814 sit
870 752 1075 832 colligemus.
1256 749 1258 751 ’

241 852 292 916 79.
317 856 494 918 Psorosirto
516 852 541 913 l.
566 852 671 914 Atomi
698 852 945 916 substantiarum
981 854 1169 934 simplicium
1195 872 1293 935 neque

198 951 369 1014 coalescunt
382 970 398 1013 e
409 951 588 1013 substantiis
611 952 790 1027 toeniensis,
816 970 911 1032 oeque
936 971 1019 1033 puro
1032 953 1206 1015 extensione
1219 972 1292 1033 peo-

199 1051 494 1113 metricucoostuot.
905 1049 908 1056 '

241 1149 340 1213 Prob.
357 1151 385 1212 l·
399 1166 484 1229 pars.
501 1148 535 1212 Si
549 1149 742 1212 substantiis
755 1150 944 1224 mettensis,
959 1167 1015 1211 seu
1031 1149 1173 1229 punctis,
1187 1149 1293 1213 atomi

200 1248 397 1323 coalescunt,
415 1248 485 1309 baec
501 1256 620 1326 puncta
634 1247 682 1309 vel
696 1266 732 1309 se
743 1248 950 1328 contingunt,
963 1248 1012 1310 vel
1027 1265 1104 1310 non.
1119 1247 1154 1311 si
1166 1266 1201 1310 se
1211 1266 1293 1313 cen·

199 1347 340 1427 tingunt,
358 1346 392 1407 in
408 1362 511 1408 unum
527 1355 684 1426 punctum
701 1347 831 1423 coeunt,
849 1355 885 1409 ut
899 1364 997 1426 supra
1013 1345 1137 1410 dictum
1150 1354 1199 1410 est
1210 1363 1291 1410 con·
1326 1393 1328 1395 -

198 1455 248 1508 tra
263 1445 480 1508 Leibnitzium
494 1444 556 1522 (48,
570 1443 627 1521 2⁰l3
643 1445 668 1506 si
684 1463 761 1507 vero
772 1463 806 1507 se
818 1463 886 1508 nnn
902 1446 1108 1525 contingunt,
1123 1444 1172 1506 vel
1188 1454 1291 1526 agunt

199 1544 344 1625 propriis
357 1542 484 1605 viribus
500 1543 535 1604 in
562 1561 596 1604 se
623 1542 775 1619 invicem,
788 1544 836 1606 vel
852 1562 957 1606 secus.
975 1542 1008 1605 Si
1026 1543 1168 1624 primum
1184 1543 1289 1620 dicas,

200 1644 295 1723 ponis
324 1641 485 1704 actionem
517 1641 550 1701 in
582 1639 728 1718 distans3
745 1640 771 1701 si
799 1641 950 1718 alterum,
981 1639 1290 1704 occasionalismum

198 1741 323 1802 statuis.
340 1739 422 1801 Vide
438 1739 523 1801 dicta
538 1739 579 1800 de
597 1748 773 1819 systemate
788 1738 993 1804 Boscovichii
1011 1738 1086 1816 (50).

240 1837 395 1901 Prob.b·.
414 1856 487 1919 pars
516 1839 557 1899 iis
586 1838 787 1917 argumentis
817 1856 890 1919 quae
918 1838 1072 1900 adversus
1105 1838 1289 1903 castesium

199 1937 293 1998 allata
309 1946 407 1999 sunt:
424 1945 472 1998 est
488 1934 576 1997 enim
593 1934 663 2015 ipse
690 1936 826 1999 Cartesii
857 1935 989 2016 positio,
1018 1953 1091 2016 qnae
1105 1933 1162 1997 hic
1177 1936 1290 2016 impu·

198 2041 326 2115 guntur.

139 2203 142 2208 Q
238 2132 290 2198 80.
314 2135 493 2196 Processere
515 2131 556 2193 ll.
581 2131 687 2193 Aterni
715 2150 779 2194 ooo
804 2141 947 2196 constent
971 2151 1013 2197 er
1040 2133 1169 2196 motusic
1181 2132 1289 2214 primo

196 2249 233 2293 uc
245 2230 347 2312 formo
361 2230 559 2292 substantiali
562 2276 569 2291 .

238 2331 306 2393 llec
333 2339 382 2390 est
406 2337 543 2410 systema
561 2326 811 2409 peripateticum
827 2328 867 2391 ad
885 2330 1042 2392 minimos
1057 2330 1218 2394 termines
1233 2348 1288 2394 ra·

197 2428 340 2502 electum,
368 2437 400 2490 et
425 2445 500 2489 cum
530 2427 669 2490 atomica
688 2427 838 2489 doctrina
860 2437 1029 2510 utcunque
1051 2430 1289 2509 compositum.

196 2524 304 2588 Potest
321 2534 428 2588 autem
445 2524 574 2588 duobus
589 2525 697 2588 modis
715 2526 853 2606 intelligi
873 2544 880 2590 :
899 2530 931 2590 l⁰
946 2528 1034 2606 quod
1051 2526 1158 2589 forma
1172 2529 1286 2607 eujns·

196 2643 260 2705 que
272 2624 372 2687 atomi
395 2625 437 2687 sit
453 2624 681 2696 immutabilis,
696 2625 849 2688 videlicet
865 2626 954 2706 quod
972 2626 1005 2687 in
1030 2625 1289 2689 combinatieni·

196 2722 258 2785 bus
273 2723 422 2784 chimicis
438 2725 536 2784 atomi
554 2723 809 2803 conjungantur,
826 2741 918 2785 suam
935 2724 1075 2787 formam
1092 2726 1284 2800 retinentes,

194 2824 351 2905 nullaque
366 2839 448 2883 nova
465 2821 575 2883 forme
588 2822 627 2883 ad
655 2822 875 2902 compositum
895 2822 1083 2885 babendum
1098 2826 1287 2888 necessarie

195 2923 253 2997 sit;
268 2920 302 2982 2⁰
318 2920 405 3001 quod
422 2919 535 2982 formae
550 2929 735 2984 atomorum
750 2920 817 2982 sint
831 2921 1017 2996 mutabiles,
1032 2921 1076 2985 ita
1092 2931 1129 2984 ut
1143 2923 1183 2984 in*
1193 2940 1288 2985 com·

194 3018 421 3082 binationibus
446 3018 599 3079 chimicis
621 3018 781 3080 elementa
797 3030 949 3081 maneant
965 3020 998 3080 in
1015 3021 1198 3099 composito
1214 3030 1287 3083 tan·

194 3126 264 3181 tum
279 3117 459 3180 seeundum
474 3116 640 3179 materiam
657 3127 689 3178 et
704 3117 856 3181 virtutem
872 3116 927 3195 (8),
945 3118 1156 3199 expulsisque
1169 3118 1288 3182 termis

194 3216 373 3299 prioribus,
399 3234 480 3278 nova
502 3216 676 3294 compositi
711 3215 817 3278 torma
851 3218 1019 3279 materiam
1044 3219 1289 3282 elementorum
1388 3206 1389 3225 ³

194 3325 342 3395 occupet.

162 3443 164 3447 ·
236 3411 397 3476 Utrolibet
411 3411 510 3474 medo
526 3410 690 3474 intellecta
706 3413 867 3476 sententia
885 3414 952 3476 hnc
967 3413 1064 3477 lecile
1082 3415 1284 3478 excluditur.
1388 3448 1389 3451 ¹

234 3512 285 3576 et.
309 3510 502 3575 Excluditur
517 3510 681 3573 intellecta
698 3512 806 3592 primo
821 3512 944 3576 modo:
962 3530 1037 3575 nam
1054 3531 1162 3594 neque
1184 3532 1202 3575 a
1222 3530 1290 3594 po·
1387 3542 1388 3561 κ

193 3610 335 3682 sterion,
353 3626 489 3689 nequea
505 3608 607 3689 priori
626 3610 757 3690 probari
775 3611 960 3675 ullomodo
977 3617 1094 3693 potest.
1170 3638 1173 3643 ⁴
1238 3634 1240 3638 ¹

233 3711 304 3773 Non
320 3727 339 3770 a
355 3708 542 3790 posteriori.
559 3707 689 3772 Etenim
712 3710 840 3772 nullum
867 3720 914 3774 est
942 3711 1073 3788 iactum,
1091 3712 1183 3774 nulla
1198 3712 1291 3795 phy·

192 3809 258 3870 sica
271 3808 334 3884 lex,
343 3806 520 3888 quaetalem
533 3816 719 3870 atomorum
733 3808 1006 3888 compositionem
1019 3810 1136 3890 exigat.
1149 3809 1292 3874 Veteres
1386 3858 1387 3893 i

192 3906 328 3987 quidem
342 3922 480 3985 corpore
509 3912 658 3968 constare
687 3907 824 3967 materie
839 3914 871 3968 et
887 3905 991 3970 ferma
1005 3907 1224 3990 opinabantur
1240 3924 1285 3971 ex

193 4021 244 4080 eo,
268 4004 353 4084 quod
383 4004 446 4064 boc
474 4011 568 4082 pacto
591 4001 820 4091 substantiales
842 4004 1039 4067 mutationes
1060 4005 1223 4087 explicare
1245 4023 1294 4069 se-

1383 3920 1387 4085 l
