2792 4600
412 377 498 422 tiana
524 377 643 433 antona,
669 376 762 422 orror
783 380 824 423 vr.
1123 362 1164 425 69

82 486 174 551 olatio
185 493 217 548 et
231 487 362 550 tristitia
374 505 381 563 ;
395 496 430 549 et
446 489 509 550 hoc
526 489 560 549 in
585 488 768 551 moralibus
785 490 887 569 magis
904 508 1002 569 quam
1019 494 1052 552 in
1069 500 1163 554 natu-

86 583 219 660 ralibus3
240 607 253 640 r
275 584 364 664 quia,
383 586 425 646 ita
441 587 474 649 S.
487 585 641 656 Thomas,
656 587 794 648 moralia
808 607 845 649 ex
862 588 1025 651 voluntate
1041 590 1163 669 depen-

87 681 205 743 «dent.
229 681 412 743 Voluntatis
435 693 541 745 autern
566 683 730 761 objectum
754 684 947 747 estbonnm
971 697 1002 748 et
1024 687 1161 749 malum.

86 806 98 839 ι
119 780 228 846 Omnis
243 794 351 842 autem
362 795 453 843 antus
473 781 706 846 denominatur
721 791 753 846 et
764 785 907 863 speciem
924 785 1042 864 recipit
1057 785 1165 848 abob-

87 904 100 941 ‹
117 879 211 961 jecto.
229 881 283 944 Sic
299 898 376 962 ergo
399 891 488 943 actus
505 881 682 944 voluntatis
700 883 732 944 in
750 895 908 963 quantum
926 882 1029 945 fertur
1044 885 1078 947 in
1095 903 1162 946 ma·

87 1003 100 1039 ι
120 979 197 1052 lum,
214 979 333 1060 recipit
349 980 510 1042 rationem
530 991 560 1041 et
574 999 692 1043 noman
711 982 800 1055 mall,
818 992 850 1044 et
866 983 928 1043 hoc
945 981 1066 1044 malum
1084 1000 1162 1045 con·

85 1101 100 1138 r
119 1076 270 1139 trariatur
284 1078 418 1157 proprie
435 1079 535 1140 bono.
552 1077 591 1140 [lt
609 1080 676 1140 lraec
691 1080 904 1141 contrarietas
929 1099 966 1140 ex
983 1080 1109 1142 actibus
1129 1080 1163 1142 in

85 1202 98 1239 ‹
119 1176 593 1257 habitustransittnouantum
607 1188 696 1239 actus
705 1186 737 1239 et
748 1178 878 1239 habitus
887 1179 1076 1240 similantur
1087 1203 1101 1236 r
1113 1181 1162 1256 (tl.

81 1275 232 1338 Videlicet
246 1285 336 1337 actus
351 1273 459 1338 bonus
471 1276 656 1337 contrarius
671 1283 719 1337 est
734 1275 819 1336 actui
834 1275 1020 1355 malo‚quia
1032 1285 1063 1338 et
1080 1293 1164 1338 unus

81 1383 109 1438 et
121 1375 201 1436 alter
214 1384 294 1437 sunt
307 1374 374 1437 duo
390 1386 479 1436 actus
506 1373 651 1454 positivi,
667 1373 848 1436 secundum
878 1375 1077 1437 tendentiam
1094 1393 1163 1438 ma·

82 1472 160 1534 xime
174 1471 375 1534 differentes,

116 1571 149 1632 5⁰
160 1559 305 1632 Tandem
319 1569 408 1650 quod
424 1569 517 1631 alteri
534 1571 655 1631 malum
671 1569 830 1641 est‚b0no
847 1571 1027 1649 opponitur
1041 1582 1164 1633 contro·

80 1669 128 1740 ric,
137 1669 183 1729 vel
196 1668 296 1730 etiam
307 1670 471 1748 privative.
483 1670 591 1730 Potest
603 1669 691 1729 enim
704 1668 788 1743 lieri,
799 1675 834 1729 ut
846 1668 915 1729 sola
929 1667 1008 1731 boni
1024 1669 1163 1749 privatio

76 1784 146 1845 >quar
159 1769 192 1827 in
210 1784 278 1829 uno
294 1775 354 1840 cst,
372 1766 507 1827 alterius
524 1765 565 1826 sit
581 1765 718 1826 malum.

432 1928 705 1993 tartcntns
742 1931 806 1974 tv.

511 2040 719 2105 Tlreoremata.

22 2232 23 2235 ,
120 2176 186 2241 tlt.
211 2178 389 2239 Prorostrm
406 2174 430 2236 l.
448 2173 565 2237 Malum
593 2191 656 2235 noo
680 2183 780 2254 potest
808 2193 867 2235 esse
895 2177 957 2236 nini
979 2177 1014 2236 in
1035 2174 1164 2255 subjecto

84 2277 164 2340 leno.
336 2330 338 2334 ,
485 2261 486 2265 ’

117 2378 195 2439 Nam
212 2375 336 2453 malum
345 2382 394 2435 est
408 2373 546 2452 privatio
558 2373 767 2453 perfectionis
780 2372 927 2450 subjecto
940 2372 1069 2436 debitae.
1080 2375 1164 2454 Ergo

82 2475 195 2538 malum
209 2466 369 2553 s'upponit
383 2470 640 2550 subjectum,cui
659 2471 817 2549 perfectio
832 2472 941 2550 aliqua
958 2471 1125 2547 debeatur,
1134 2482 1164 2534 et

82 2572 112 2634 in
127 2573 188 2634 hoc
203 2573 277 2633 solo
293 2589 364 2634 esse
378 2579 498 2651 posset.
512 2570 575 2634 Sed
594 2572 655 2632 ltoc
670 2570 853 2650 subjectum
868 2570 965 2632 debet
981 2570 1164 2634 necessario

81 2688 143 2733 esse
158 2671 269 2750 aliqua
285 2688 323 2731 ex
339 2682 429 2749 parte
445 2670 581 2731 bonum.

116 2769 245 2832 Etenim
258 2769 288 2830 1⁰
303 2767 331 2829 si
349 2769 470 2829 malum
486 2778 581 2841 esset,
598 2767 733 2828 deberet
748 2777 779 2827 et
792 2766 901 2845 ipsum
917 2767 1024 2828 inesse
1051 2766 1161 2844 subie-

82 2880 140 2943 cto,
156 2878 187 2929 et
202 2868 269 2928 hoc
284 2868 434 2939 alterum,
449 2867 512 2928 nisi
529 2865 653 2930 bonum
669 2868 723 2939 sit,
750 2867 784 2927 in
801 2865 866 2928 alio
886 2865 964 2927 insit
980 2872 1119 2945 oportet,
1134 2877 1165 2926 et

85 2968 124 3027 ita
138 2966 170 3026 in
188 2964 370 3026 inlinitum.

118 3060 348 3139 &Subiectum
365 3059 455 3122 nulla
472 3078 509 3121 ex
526 3067 616 3138 parte
628 3059 858 3132 bonum‚esset
873 3058 1057 3142 subjectam
1074 3057 1164 3119 nulla
1247 3105 1249 3108 .

84 3169 219 3238 exparte
235 3176 292 3220 ens
305 3155 387 3235 (tta,
403 3156 471 3235 tat)
490 3174 498 3220 :
516 3156 674 3219 nimirum
693 3155 791 3218 nihil.

120 3258 190 3322 tlt.
208 3258 408 3321 eonomine.
428 3257 465 3316 l¹¹¹
491 3255 586 3319 Nulla
602 3274 654 3317 res
671 3264 719 3317 est
739 3254 886 3317 absolute
908 3272 945 3315 ac
969 3235 1188 3334 simpliciter*

83 3355 172 3430 mala,
186 3356 243 3416 sed
259 3356 365 3417 solum
382 3353 557 3417 secundum
572 3353 664 3433 quid,

119 3452 157 3513 ἓν
169 3453 283 3517 Omnis
300 3470 350 3513 res
364 3452 448 3513 mala
464 3458 512 3513 est
527 3451 640 3531 aliqua
656 3468 708 3512 res
722 3450 819 3512 bona,

118 3550 157 3612 δῶ
169 3550 321 3622 Quamvis
338 3551 512 3611 malumsit
526 3550 666 3613 remotio
681 3548 761 3612 boni
777 3548 840 3609 sibi
858 3549 1014 3629 oppositi,
1029 3566 1162 3628 nonpo-

82 3656 139 3710 test
153 3658 259 3710 tamen
276 3668 314 3709 ex
330 3656 397 3710 toto
414 3648 538 3710 bonum
556 3645 738 3708 destruere.
1234 3723 1236 3726 v

83 3789 88 3799 .
120 3747 191 3809 tlt.
209 3747 387 3810 Paorosrrm
403 3745 442 3809 ll.
469 3743 570 3805 Conso
595 3740 900 3824 moli‘cffieieosnon
916 3748 1087 3820 potestesse
1102 3741 1165 3801 nisi
1247 3802 1249 3805 .

23 3875 24 3880 ¹
81 3845 171 3907 tona.

120 3940 211 4013 Quod
235 3942 359 4003 malum
380 3958 477 4004 omne
499 3957 628 4002 oausam
652 3940 780 4013 lrabeat,
812 3946 844 4000 et
865 3935 953 4017 quod
979 3937 1046 4000 haec
1069 3955 1164 4001 causa

107 4058 136 4109 lt)
154 4054 243 4113 Qnaerl.
252 4055 315 4114 disp.
326 4057 358 4101 lle
369 4054 440 4101 malo.
450 4063 495 4100 art.
505 4054 526 4099 l.
537 4053 567 4099 ad
577 4056 601 4098 l.
