2792 4600
466 319 553 365 usna
574 318 735 379 secuntus,
759 319 850 366 meur
872 321 906 367 u.
1186 306 1226 369 87

140 451 218 497 uam
234 435 388 498 virtutem
403 436 621 499 conservaris
636 435 784 516 subjecto
799 444 956 517 separata.
974 435 1051 509 Quae
1063 446 1227 518 postrema

139 536 279 596 assertio
294 551 336 597 an
349 535 453 615 possit
467 552 542 597 oum
559 536 703 615 physica
717 536 862 599 scientiae
879 537 1006 616 placitis
1022 537 1189 618 componi,
1197 545 1228 599 el

25 682 26 691 ,
138 635 322 713 quomodo,
339 647 370 696 et
396 634 482 696 intra
501 651 585 713 quos
600 634 734 709 limites,
750 636 831 710 bne,
848 635 996 716 inquam,
1010 637 1122 700 omnia
1137 637 1227 700 inve-

137 733 273 810 stigare,
287 742 323 795 ut
335 719 402 812 jam
414 732 571 806 diximus,
584 734 720 797 alterius
734 744 782 797 est
798 734 876 798 luci.

183 831 257 893 lla.
289 831 381 894 Entis
408 830 596 894 affectiones
623 833 784 895 latissimo
814 851 911 896 sensu
936 844 1076 914 acceptae
1087 837 1169 911 1171,
1186 836 1227 914 l⁰)

138 932 215 994 aliae
229 932 378 993 absolute
407 930 491 992 illud
507 931 663 1006 afliciunt,
686 924 805 1012 nempe
820 933 892 995 sine
903 943 1052 1014 respectu
1068 935 1107 996 ad
1123 935 1227 1010 aliud,

136 1033 215 1094 alite
226 1031 407 1096 secundum
423 1041 606 1111 respectum
623 1033 783 1097 adalind.
800 1034 950 1097 Primum
962 1053 1067 1115 genus
1080 1038 1227 1099 continet

135 1132 323 1212 qualitatem
335 1138 367 1193 et
380 1132 599 1210 quantitatem
615 1132 755 1195 alterum
785 1134 947 1195 relationes
971 1150 1086 1198 omnes
1101 1134 1168 1196 sive
1180 1134 1229 1195 in·

137 1232 298 1291 trinsecus
326 1230 393 1290 sive
418 1229 628 1292 extrinsecas.
647 1230 690 1290 lle
706 1232 887 1310 quantitate
916 1231 1093 1311 loquemur
1117 1232 1229 1294 ubido

138 1313 339 1408 corporibus
354 1325 418 1388 erit
430 1343 553 1390 sermo.
578 1327 673 1390 Nunc
689 1329 799 1409 primo
814 1314 854 1391 da
870 1329 1038 1409 qualitate,
1051 1329 1172 1392 deinde
1187 1329 1228 1392 de

138 1425 315 1486 relatione.
719 1428 723 1433 '
1049 1430 1052 1443 ¹

588 1571 717 1636 CAPUT
740 1571 780 1635 ll.

519 1737 566 1779 BR
601 1735 848 1786 Quantulas.

574 1909 740 1957 turranius
762 1912 788 1956 t.

382 2040 425 2102 De
439 2038 600 2122 qualitatis
613 2040 739 2102 notione
754 2058 791 2103 ae
797 2040 978 2122 partitione.

182 2192 255 2255 171.
272 2188 429 2263 Qualitas,
447 2188 557 2268 prouti
580 2187 707 2267 species
722 2202 771 2250 est
786 2187 964 2250 accidentis
979 2205 1052 2268 quae
1067 2188 1225 2269 peculiari

17 2274 18 2283 ἵ
130 2291 242 2353 modo
256 2287 472 2352 substantiam
484 2284 736 2362 afficit‚definiri
753 2294 857 2367 polest
869 2287 958 2365 juxta
973 2286 1142 2350 albertum
1158 2304 1226 2350 ma·

134 2408 242 2471 gnum
253 2394 292 2467 (1)
309 2406 317 2452 2
334 2388 473 2449 acumem
497 2386 647 2466 complens
672 2403 710 2447 ac
720 2386 881 2465 perficiem
898 2381 1178 2448 ablatamablatam
1192 2388 1228 2449 t'o

135 2488 411 2565 existentiamque
421 2485 456 2545 t'rt
471 2483 720 2563 operaude.Quae
732 2482 881 2545 ‹lenuitio
892 2485 941 2544 vel
954 2501 1082 2545 ereose
1097 2485 1224 2563 probat,

135 2592 229 2669 quoti
245 2585 437 2666 qualitatem
452 2601 470 2644 a
488 2584 613 2646 caeteris
628 2582 847 2643 accidentium
864 2581 1036 2661 speciebus
1051 2582 1134 2659 (175)
1150 2585 1227 2645 satis

134 2684 334 2763 distinguit;
347 2699 423 2743 uam
435 2698 496 2742 nec
511 2682 674 2760 quantitas
687 2697 747 2742 nec
759 2679 961 2752 relati0,sive
976 2681 1228 2743 intrinsecasive

134 2784 335 2855 extrinseca
351 2778 568 2842 substantiam
590 2776 758 2856 cutnplenl
770 2792 807 2837 ac
818 2775 1012 2855 perficiunl;
1028 2785 1059 2837 et
1071 2789 1228 2857 praeterea

136 2880 229 2944 nibil
246 2892 294 2942 est
309 2877 399 2958 quud
414 2876 581 2956 qualitatis
597 2875 733 2937 nuntiae
744 2876 863 2952 veniat,
880 2875 933 2935 cui
950 2875 1063 2936 eadem
1079 2875 1229 2954 delinitio

133 2981 340 3061 optimeuun
352 2972 587 3039 contentatiis
599 2965 1227 3055 ea'porrodelinitioneillicocunsequi·

134 3088 194 3140 tur
210 3076 402 3155 qualitatem
420 3072 552 3153 proprie
564 3075 684 3135 uictam
696 3071 889 3133 substantiis
901 3071 1110 3134 solummodo
1125 3072 1228 3135 finitis

139 3179 251 3238 inesse
267 3191 375 3253 posse.
390 3170 520 3234 Etenim
537 3171 587 3231 ltae
598 3171 708 3231 solum
721 3169 881 3248 compleri
897 3186 935 3231 ac
950 3169 1063 3249 perlici
1076 3183 1226 3250 possunt,

137 3292 179 3336 aa
194 3284 230 3335 ut
244 3269 456 3353 perficiantur
468 3266 774 3346 indigent3inliuita
790 3282 864 3327 veru
880 3266 1061 3328 substantia
1075 3268 1228 3332 acciden-

137 3374 239 3434 talem
257 3367 493 3450 perieetiuuem
509 3381 575 3427 nou
591 3367 701 3439 babet,
717 3364 774 3425 sed
789 3366 1008 3427 essentialem.

148 3508 151 3512 ›
184 3469 257 3532 175.
273 3467 320 3529 Ex
336 3466 389 3528 his
405 3466 601 3545 intelligitur
617 3467 647 3527 l⁰
662 3481 723 3525 cur
734 3462 874 3542 qualitas
889 3466 1017 3542 dicatur
1031 3484 1050 3527 a
1065 3468 1228 3531 veteribus

139 3570 280 3632 aarum
314 3564 394 3646 quod
420 3564 554 3644 sormam
581 3563 785 3642 consequitur.
821 3561 914 3636 Nam,
946 3563 1054 3643 inquit
1083 3564 1226 3630 Suarez:

142 3689 160 3727 ι
184 3668 264 3747 quia
286 3657 393 3727 lerma
408 3673 456 3726 est
470 3680 543 3742 qum
572 3663 766 3741 completae
781 3661 908 3740 perlicit
934 3664 1181 3737 assentiamini,
1198 3677 1230 3727 et

137 3788 161 3825 a
185 3762 313 3829 confert
349 3762 566 3843 principalem
601 3778 667 3823 vnn
691 3761 849 3841 ,agendu
882 3762 956 3821 ideo
989 3761 1129 3840 qualitas
1155 3781 1227 3842 quaa

137 3888 161 3926 a
186 3864 373 3944 adjungitur
388 3866 429 3923 atl
445 3862 723 3942 complementum
750 3860 922 3939 utriusque
938 3861 1161 3940 perfectionis,
1179 3867 1226 3926 lll-

172 4017 205 4071 11)
217 4013 242 4059 lo
251 4010 428 4071 praedicantem.
436 4021 460 4056 ct
468 4012 486 4057 l.
