2792 4600
346 515 619 612 LIBER
676 512 1184 614 SECUNDUS.

680 727 809 792 CAPUT
833 729 858 790 1.

549 894 583 933 1111
604 893 762 933 sunsrttnrtt
784 894 814 932 ET
834 891 984 932 ncctnunnn.

663 1066 828 1112 herroneus
864 1066 885 1111 1.

382 1195 386 1202 ·
413 1179 527 1242 Divisio
547 1179 625 1239 entis
647 1179 683 1239 in
704 1178 906 1239 substantiam
928 1187 954 1238 et
977 1177 1126 1239 accidens.

267 1313 338 1374 tte.
354 1311 531 1375 Puerosrrrc
548 1308 572 1370 1.
589 1306 775 1371 Suhsthntie
790 1307 993 1395 et'aeeidentt's
1006 1309 1142 1371 notiones
1156 1294 1313 1388 experien-

226 1412 271 1473 tia
286 1412 392 1491 cuique
405 1410 494 1471 ohot‘a
509 1408 693 1488 suppeditat.
868 1474 871 1480 ¹

267 1509 381 1571 Statim
397 1526 434 1569 ec
458 1508 491 1567 in
521 1505 756 1585 experientiam
773 1505 841 1566 sive
863 1512 1029 1567 externam
1052 1504 1120 1566 sive
1150 1505 1312 1567 internam

226 1605 437 1669 reflexionem
462 1603 621 1666 adhibere
647 1603 839 1682 incipimus,
864 1603 1053 1665 substantioe
1081 1613 1113 1664 et
1133 1603 1312 1666 accidentis

227 1705 394 1767 notionem
412 1702 639 1782 adipiscimur,
657 1709 754 1780 atque
770 1717 865 1763 unam
882 1719 952 1761 rem
967 1701 1008 1762 eh
1023 1701 1124 1763 altera
1136 1701 1311 1781 distingui·

227 1821 312 1876 mus,
330 1819 519 1882 quanquam
547 1803 615 1862 haec
645 1800 781 1862 nomina
809 1799 930 1879 quibus
959 1800 1149 1880 philosophi
1176 1808 1312 1862 utuntur

228 1902 428 1980 ignoremus.
443 1900 564 1962 Revera
580 1900 628 1959 vet
645 1900 724 1979 tpsae
736 1916 847 1960 rerum
860 1909 925 1959 tam
941 1899 1052 1960 multee
1066 1917 1104 1960 ae
1115 1899 1179 1960 sihi
1197 1912 1312 1979 perpe·

227 2008 283 2062 tuo
311 1999 521 2061 succedentes
548 1997 745 2059 mutationes
761 1998 871 2067 stetim
886 1997 1074 2071 ostendunt,
1092 2014 1162 2059 esse
1184 1995 1311 2077 ,aliquid

227 2098 315 2177 quod
342 2096 539 2158 mutationes
555 2096 681 2174 recipit,
699 2103 730 2157 et
747 2112 816 2155 esse
831 2094 957 2173 aliquid
984 2095 1071 2173 quod
1089 2093 1122 2155 in
1141 2095 1192 2155 his
1207 2102 1312 2156 mute-

226 2194 373 2257 tionibus
399 2193 521 2255 eecedit
543 2193 583 2253 ed
611 2192 694 2253 iilud
711 2193 759 2253 vet
786 2193 826 2253 ah
843 2192 902 2254 itio
928 2191 1100 2255 amittitur.
1118 2193 1222 2272 Vdgr.
1240 2209 1312 2254 cera

228 2311 325 2373 quam
335 2291 485 2353 manibus
497 2289 896 2363 contreet0,modocalida
911 2298 960 2352 est
975 2290 1074 2354 modo
1093 2291 1221 2371 frigide,
1232 2290 1312 2353 dure

228 2390 372 2471 primum
395 2379 516 2450 deiude
539 2387 670 2450 mollior
686 2405 723 2447 ae
740 2405 815 2449 mox
830 2387 1028 2467 liquescens,
1047 2390 1162 2451 transit
1184 2389 1227 2450 ah
1250 2405 1312 2450 uua

228 2506 325 2550 manu
340 2489 374 2549 in
390 2488 537 2560 altorem,
554 2498 586 2547 et
601 2487 771 2566 pressione
787 2487 965 2566 digitorum
983 2487 1081 2550 modo
1107 2507 1207 2551 unam
1235 2488 1313 2569 figo·
1375 2485 1376 2552 ³

226 2587 422 2666 remancipit
435 2586 534 2648 modo
549 2585 647 2646 eliam
658 2602 742 2660 ;sem
747 2603 805 2665 per
820 2595 927 2647 tumen
941 2586 1054 2647 eadem
1071 2603 1143 2648 cera
1158 2598 1320 2666 estquam
1375 2619 1376 2622 κ

227 2687 335 2767 primo
357 2685 479 2765 accepi.
496 2685 550 2747 Est
567 2701 644 2763 ergo
663 2685 697 2744 in
727 2683 826 2745 rebus
842 2685 1024 2764 subjectum
1047 2685 1267 2760 affectionum,
1284 2693 1314 2747 et

227 2794 302 2845 sunt
317 2783 503 2847 affectiones
519 2782 583 2843 sibi
600 2782 813 2843 succedentes
830 2782 863 2843 in
883 2783 940 2844 dio
958 2801 965 2845 :
983 2782 1065 2844 iliud
1080 2802 1180 2845 unum
1193 2798 1254 2860 est,
1266 2785 1312 2845 hae

227 2883 352 2961 piures:
364 2881 446 2943 illud
458 2881 636 2954 identicum,
654 2881 702 2940 hee
716 2879 852 2941 diverses
865 2881 1012 2955 interse;
1028 2882 1109 2942 illud
1119 2900 1313 2963 permanens,

229 2971 277 3043 hee
306 2980 494 3043 successivae
512 2995 519 3040 :
539 2976 621 3039 iilud
649 2986 748 3056 potest
763 2995 822 3038 esse
835 2980 901 3039 sine
915 2980 976 3053 his,
993 2996 1086 3040 secus
1105 2980 1196 3041 nulia
1223 2980 1313 3042 heret

227 3079 380 3153 mutatic;
400 3079 448 3139 hae
463 3077 534 3138 sine
552 3075 611 3137 ilto
627 3094 696 3137 esse
712 3092 780 3138 nou
797 3088 944 3156 possunt,
962 3084 1039 3139 sunt
1053 3078 1141 3139 enim
1159 3078 1252 3140 illius
1267 3078 1313 3139 ai·

227 3180 395 3241 iectioues.

215 3305 217 3310 ·
267 3277 389 3340 Eodem
403 3283 495 3354 pacto
510 3292 582 3353 quae
597 3272 681 3333 intre
695 3289 755 3335 nos
767 3273 915 3335 accidere
928 3275 1088 3336 sentimus
1105 3275 1316 3338 consideran·
1375 3295 1376 3298 ¹

228 3384 286 3444 tes,
304 3375 337 3432 in
351 3372 559 3433 effectionum
573 3380 761 3434 nostrerum
778 3373 1002 3446 multitudiue,
1013 3373 1177 3447 varietate,
1187 3392 1313 3436 succes·

228 3472 320 3534 sione
332 3469 456 3548 aliquid
475 3469 754 3548 deprehendimus
770 3487 884 3543 uuum,
903 3471 1092 3545 mentiente,
1106 3488 1313 3551 permanens,

227 3581 260 3632 et
274 3570 336 3632 hoe
352 3567 444 3629 estid
461 3565 615 3645 quotieas
631 3565 819 3627 affectiones
834 3569 1058 3648 recipitatque
1072 3569 1252 3648 experitur.
1262 3570 1317 3632 Sic

191 3657 194 3661 ’
229 3670 327 3750 igitur
339 3676 371 3730 et
382 3674 513 3728 externa
527 3674 559 3725 et
575 3664 703 3726 interne
719 3664 1035 3744 experientieidcam
1051 3666 1316 3749 nohissuppedi·

150 3820 151 3823 ,
228 3776 297 3829 taut
308 3766 354 3828 rei
368 3781 440 3846 quae
453 3780 507 3843 per
520 3780 550 3822 se
561 3767 689 3836 coortat,
709 3775 740 3823 et
757 3763 803 3823 rei
820 3781 886 3842 pue
902 3765 991 3825 alteri
1004 3765 1093 3826 inest.
1107 3763 1166 3825 Ille
1181 3781 1229 3827 est
1241 3768 1318 3828 suh-

229 3867 356 3939 stautia,
375 3865 442 3922 hoec
456 3859 624 3921 accidens.

270 3962 341 4024 116.
360 3958 452 4032 Quod
476 3975 553 4021 vero
571 3958 640 4018 haec
655 3957 742 4018 eutis
760 3933 929 4021 divisioin
944 3958 1159 4022 substantiam
1175 3971 1207 4024 et
1233 3964 1319 4024 aeci·
1375 3991 1376 4032 g
