2792 4600
496 336 581 381 ιιιιιιι
604 336 725 396 neruus,
748 338 840 384 carus
862 340 907 386 ιιι.
1181 324 1242 389 255

196 447 244 511 Ad
263 450 300 511 1¹⁰
314 450 408 532 Nape.
426 450 553 513 Etenim
566 451 606 513 ad
623 452 686 517 hoo
702 463 738 516 ut
749 473 820 516 eam
836 456 992 521 unitatem
1006 476 1080 521 cum
1097 458 1240 540 partium

148 549 345 628 possibilium
367 549 617 630 multiplicitate
641 552 849 632 conjunctam
872 555 1085 636 explicemus,
1110 575 1241 621 necesse

152 657 281 709 nonest
297 658 331 710 nt
346 648 487 728 partium
505 651 779 731 multiplicitatem
791 653 832 715 ab
848 672 915 717 nno
929 656 1107 737 principio,
1124 665 1155 718 et
1167 656 1240 718 uni·

150 755 252 808 tatem
277 747 319 808 ab
340 748 443 810 altero
469 750 550 810 oriri
574 757 754 813 statuamus
790 752 853 827 (90,
882 760 976 834 seq.);
1004 755 1129 817 Sufficit
1150 756 1239 817 enim

152 863 257 907 unum
272 845 472 926 principium
485 865 502 907 a
515 857 727 928 quoutraque
739 850 875 925 oriatur,
890 869 946 913 seu
961 853 1167 934 potiusquod
1181 870 1239 934 per

153 955 328 1023 utramque
339 962 373 1005 se
386 943 582 1008 manifestet.
596 945 663 1008 Hoc
676 947 877 1028 principium
894 950 956 1010 erit
971 950 1152 1013 substantia
1168 952 1239 1030 ipsa

149 1044 253 1104 atomi
283 1060 358 1104 eum
380 1042 434 1105 tali
461 1042 661 1108 extensionis
690 1063 876 1108 mensurae
903 1048 968 1109 Deo
988 1047 1132 1110 condita.
1156 1047 1239 1110 Noto

150 1151 261 1203 eutem
277 1140 497 1204 difficultatem
511 1141 607 1215 hanc,
621 1143 648 1204 si
664 1154 800 1224 quaest,
816 1147 974 1225 integram
991 1164 1121 1207 manere
1141 1144 1174 1207 in
1188 1165 1239 1225 sy·

150 1252 287 1303 stemate
304 1240 516 1321 peripatetico
528 1258 615 1316 vero,
633 1240 666 1302 in
680 1261 747 1321 quo
755 1241 869 1306 formae
878 1245 1061 1307 materiales
1070 1255 1238 1326 ponuntur

148 1348 292 1401 extensae
308 1338 489 1402 formaliter
503 1339 617 1402 eodem
643 1352 736 1421 pacto
751 1361 788 1405 ae
803 1344 949 1408 materia.

193 1438 241 1500 Ad
258 1437 298 1500 ιω
320 1437 398 1500 not.
415 1447 482 1500 unt.
506 1437 540 1499 Si
558 1438 692 1500 materia
709 1447 884 1519 usurpetur
907 1459 1004 1503 sensu
1027 1441 1238 1523 peripatetico

149 1537 253 1599 veteri
264 1535 315 1615 (ll,
325 1546 381 1599 aut
394 1536 584 1612 reformato,
599 1547 637 1600 tr.
646 1569 655 1615 ‚·
670 1539 695 1598 si
705 1548 881 1619 usurpetur
889 1540 1060 1603 alioseusu
1076 1538 1236 1621 legitimo,

149 1656 240 1718 nepo.
265 1636 452 1718 Eademque
491 1639 534 1699 sit
566 1636 737 1700 distinctio
772 1638 810 1698 ad
847 1646 1009 1718 utrumque
1043 1657 1236 1721 consequeus.

149 1734 284 1796 Materia
307 1734 395 1796 enim
421 1734 509 1813 apud
531 1734 730 1798 recentiores
756 1743 833 1797 sunt
858 1735 937 1817 ipsae
962 1736 1075 1811 atomi,
1100 1756 1139 1799 ex
1164 1739 1237 1820 qui·

108 1842 115 1849 '
148 1829 215 1895 bus
243 1835 380 1911 corpora
409 1831 825 1907 coalescunt;atom1vero
857 1842 1017 1895 nonsunt
1045 1851 1176 1915 semper
1206 1844 1237 1898 et

150 1931 277 2011 ubique
306 1929 440 2004 eaedem,
460 1913 576 2009 nempe
598 1930 745 2009 eiusdem
775 1940 909 2006 nature,
940 1939 995 1994 aut
1024 1933 1139 1994 saltem
1169 1931 1238 1996 haee

147 2031 307 2092 identitas
323 2047 389 2092 non
413 2029 757 2109 proceritatemne
773 2031 840 2093 site
855 2031 954 2093 atomi
980 2030 1156 2112 primitivae
1171 2033 1237 2095 sint

148 2129 288 2191 diversae
304 2139 438 2203 naturae,
455 2128 521 2190 sive
540 2129 699 2208 ejusdem,
725 2128 923 2191 haberentur
938 2129 1069 2210 semper
1091 2148 1128 2193 ex
1149 2132 1237 2193 veria

147 2229 264 2290 earnm
286 2228 527 2309 compositione
549 2228 717 2294 moleculae
738 2228 873 2291 diversae
888 2242 1011 2292 naturae
1027 2237 1059 2290 et
1073 2232 1237 2311 operatio·

148 2329 218 2406 nis,

192 2428 241 2489 Ad
263 2429 304 2491 5¹¹
321 2427 398 2490 Dist.
427 2426 561 2508 Siquis
580 2435 745 2507 supponat
775 2425 979 2507 principium
1005 2425 1172 2488 materiale
1201 2428 1236 2491 in

147 2538 263 2589 atomo
278 2544 375 2588 sensu
388 2526 612 2607 peripatetico,
625 2545 711 2588 conc,
719 2550 730 2600 ;
746 2545 851 2600 secus,
864 2536 953 2606 nepe.
970 2525 1072 2588 Sensu
1086 2526 1176 2588 enim
1189 2546 1237 2590 re·

146 2626 337 2689 contionum
351 2625 551 2705 principium
562 2625 728 2686 materiale
740 2625 889 2704 corporis
900 2633 977 2685 sunt
991 2625 1103 2698 atomi,
1114 2625 1239 2705 princi·

150 2727 246 2805 pium
268 2722 435 2786 materiale
454 2733 638 2786 atomorum
655 2723 785 2785 nullum
805 2732 864 2798 est,
889 2721 1085 2801 nullumque
1112 2722 1237 2803 princi·

150 2825 246 2904 pium
263 2821 409 2885 formale.
427 2819 482 2883 Est
497 2822 585 2882 enim
602 2833 730 2882 atomus
746 2820 926 2882 substantia
940 2820 1169 2899 incomposita,
1184 2822 1236 2884 oui

149 2923 227 2986 talis
256 2929 288 2983 et
302 2940 366 2984 non
390 2920 454 2982 alia
481 2919 583 2999 ligura
608 2919 747 2981 debetur
777 2920 826 2980 vel
842 2907 921 2999 quia
942 2936 1014 2980 eam
1043 2928 1157 2982 natura
1179 2939 1237 2981 sna

149 3020 304 3102 postulat,
323 3020 371 3082 vel
388 3020 464 3099 quia
480 3036 551 3081 eam
567 3037 585 3081 a
600 3018 750 3082 Creatore
763 3017 957 3097 praeilnitam
982 3016 1091 3080 habet.

194 3121 274 3185 nist.
298 3119 449 3181 rationem
472 3117 626 3179 additam:
650 3117 797 3179 extensio
814 3135 871 3196 per
893 3135 927 3177 se
943 3115 1025 3177 tlieit
1047 3115 1236 3178 indifferen-

149 3221 231 3282 tiam
245 3219 285 3280 ad
299 3234 528 3297 quameunque
544 3216 679 3295 liguram
695 3231 703 3280 :
722 3232 840 3294 nempe
854 3212 1000 3276 extensio
1013 3214 1047 3275 in
1063 3213 1235 3290 abstracto,

148 3336 256 3393 corte.,·
269 3316 448 3378 extensioa
469 3322 564 3375 certae
581 3315 679 3374 atomi
702 3311 883 3373 substantia
904 3311 1074 3391 requisita,
1093 3320 1149 3373 ant
1173 3313 1236 3393 ipsi

150 3415 368 3480 determinata
383 3413 574 3485 aCreatore,
590 3430 678 3492 nepo.

194 3513 266 3580 tot.
284 3512 368 3593 Opp.
384 3509 440 3574 lll.
457 3507 503 3574 lla
519 3518 704 3571 atomorum
719 3506 913 3569 mobilitate.

191 3608 455 3676 Communicatio
475 3618 583 3670 motus
598 3605 815 3686 impossibilis
830 3614 925 3679 esset,
943 3604 1008 3667 nisi
1032 3613 1097 3666 tota
1112 3613 1239 3668 atomus

152 3710 306 3792 impulsa,
323 3727 361 3771 eo
379 3706 450 3787 ipso
463 3724 528 3786 quo
542 3704 724 3785 impellitur
735 3712 914 3776 momento,
931 3703 996 3764 vim
1010 3705 1180 3766 motrieem
1195 3704 1236 3767 ab

153 3809 341 3889 impellente
353 3804 628 3869 eomnrunicatam
641 3802 731 3865 illico
744 3803 915 3882 reciperet
930 3802 1026 3883 Atqui
1044 3804 1105 3864 hoe
1117 3823 1177 3882 sup
1182 3820 1238 3882 po-

152 3909 214 3984 nit,
229 3916 373 3968 atomum
390 3912 510 3965 motam
524 3901 695 3963 informari
712 3900 877 3980 principio
892 3899 1048 3981 simplici,
1067 3919 1146 3979 quor
1137 3902 1156 3961 ιι
1171 3906 1239 3965 siu-

154 4008 238 4088 gulis
253 4005 324 4086 ejus
341 4003 487 4085 partibus
502 4001 591 4064 insit
