2792 4600
474 371 559 415 trouu
582 370 702 425 narnus,
727 369 819 414 cxrur
842 370 862 414 x.
1176 351 1215 415 lt

126 503 295 585 principio
307 502 588 565 contradictionis,
599 501 632 565 Si
642 502 730 563 enim
744 521 814 562 esse
826 511 857 563 et
871 520 935 565 uon
949 522 1018 564 esse
1032 502 1214 565 seinvicem
1291 500 1294 505 ’

124 602 324 674 excludunt,
336 601 455 681 positio
471 604 569 663 unius
592 612 639 661 est
668 602 797 678 negatio
823 601 969 677 alterius,
988 611 1019 663 et
1034 597 1214 677 vi'ccversa;

34 757 38 764 .
118 701 275 779 adeoque
290 700 419 761 nullum
433 699 520 762 inter
535 701 604 780 ipsa
622 699 767 761 medium
786 700 894 762 datur.

170 791 1216 877 Quodveroadprincipiumspectatidentitatisilludsatestani·

129 896 340 968 madvertere‚
351 896 414 957 lruc
425 907 514 958 certo
526 896 679 957 affirmari
693 897 769 975 quia
782 896 915 958 evidens
928 907 990 970 est;
1006 893 1082 974 quia
1097 908 1214 976 nempe

128 994 302 1058 necessitas
318 994 387 1075 ejus
403 996 613 1075 cognoscitur
629 996 675 1069 lL.
689 993 777 1078 685),δ
791 995 888 1074 Atqui
910 990 1024 1056 omnis
1042 993 1215 1055 necessitas

127 1112 186 1175 per
202 1093 404 1174 principium
416 1094 684 1156 contradictionis
697 1093 910 1156 constituitur
922 1091 1015 1170 (687).
1026 1091 1111 1172 Ergo
1127 1104 1215 1154 autc·

118 1210 225 1274 -quam
243 1193 443 1273 principium
467 1191 647 1254 identitatis
673 1190 890 1253 affirmatione
913 1204 1019 1253 ratum
1044 1191 1212 1269 habeatur,

98 1373 100 1377 .
127 1290 398 1353 contradictionis
411 1290 616 1370 principium
635 1294 794 1370 praecedat
809 1298 950 1367 oportet.

165 1388 218 1452 tt.
235 1387 359 1451 Exinde
375 1389 491 1462 infero,
512 1390 713 1469 principium
733 1389 911 1451 identitatis
926 1407 996 1450 esse
1012 1388 1121 1468 ipsum
1137 1407 1214 1452 con-

121 1488 334 1551 tradictionis
362 1489 574 1569 principium,
600 1489 799 1569 incompleta
826 1500 932 1550 tamen
959 1503 1162 1573 expressum.
1179 1487 1213 1551 st

121 1588 216 1650 ¹enim
233 1600 354 1649 certam
370 1589 490 1649 mentis
505 1588 755 1649 affirmationem
772 1587 937 1666 exprimit,
952 1579 1012 1649 nec
1025 1589 1132 1650 inanis
1144 1597 1215 1652 tau·

125 1686 247 1765 tologia
261 1686 327 1748 dici
342 1686 429 1760 velit,
440 1687 577 1748 alterum
594 1686 675 1748 illud
690 1697 733 1748 est
746 1685 872 1766 aliquid
886 1686 1027 1765 amplius
1040 1689 1212 1765 complecti

126 1782 234 1853 debet.
252 1802 350 1864 quam
368 1784 399 1845 id
417 1785 504 1865 quod
528 1785 764 1863 significamus,
783 1803 885 1865 quum
912 1785 1019 1865 primo
1045 1786 1213 1850 dicimus:

121 1884 207 1964 quod
219 1891 274 1944 cst.
288 1882 354 1945 lloc
367 1893 473 1944 autem
490 1883 632 1964 amplius
645 1894 692 1945 est
710 1883 817 1963 ipsum
833 1883 1059 1967 affirmationis
1073 1885 1213 1963 pondus,

128 1981 198 2061 ipsa
220 1980 380 2059 objectiva
407 1981 579 2043 necessitas
602 2001 771 2061 expressa;
804 1984 959 2045 nimirum
990 1983 1131 2045 dicimus
1160 1984 1215 2044 ltoc

122 2089 204 2141 certo
219 2090 283 2154 θείς
298 2097 355 2141 seu
371 2069 539 2159 (quoniam
556 2078 715 2158 objectiva
729 2083 903 2142 necessitas
916 2081 977 2141 alia
990 2081 1137 2142 absoluta
1153 2092 1212 2156 est,

128 2176 191 2239 alia
214 2161 434 2256 lt'ypotlretical
454 2178 527 2238 dum
547 2186 600 2245 est,
616 2178 785 2239 necessario
810 2187 862 2241 est.
883 2177 1087 2255 Principium
1115 2180 1215 2262 igitur

61 2328 63 2331 ,
129 2272 375 2336 identitatis‘ad
402 2274 465 2337 hoc
489 2274 682 2338 reducitur:
700 2276 782 2356 quod
802 2284 857 2350 est,
880 2278 954 2339 dum
978 2288 1029 2346 est,
1047 2276 1214 2339 necessario

123 2381 178 2436 cst.
196 2375 237 2435 At
251 2372 330 2454 quid
347 2371 409 2433 sibi
426 2372 494 2434 vult
511 2368 787 2436 illudmeccsrcric
801 2383 854 2445 est,
873 2374 935 2434 uisi
955 2376 1032 2437 hutz:
1045 2393 1108 2437 non
1116 2382 1215 2454 potest

126 2492 190 2534 non
203 2473 285 2533 erse?
301 2471 338 2533 Et
353 2471 427 2533 ecce
443 2471 502 2533 tibi
520 2471 793 2534 contradictionis
810 2474 1026 2553 principium.

167 2571 281 2651 ltaque
298 2571 498 2651 principium
515 2572 786 2634 contradictionis
802 2573 842 2633 ab
856 2572 1033 2636 identitatis
1049 2573 1214 2652 principio

128 2690 193 2736 non
211 2671 333 2746 differt,
351 2670 414 2732 nisi
439 2670 527 2749 quod
555 2670 638 2732 illud
668 2671 808 2749 perfecte
824 2681 855 2732 et
869 2662 993 2750 signate
1008 2671 1053 2746 (t.
1071 2671 1142 2745 Zilil
1159 2689 1213 2732 ex·

128 2771 243 2854 primit
259 2770 305 2846 id,
323 2769 411 2850 qnod
439 2769 473 2832 iu
499 2769 602 2832 altero
628 2771 759 2832 concise
781 2780 878 2851 atque
897 2771 1037 2834 exercite
1056 2769 1213 2851 exprimi·

128 2880 192 2934 tur.

169 2967 353 3030 Dicendum
382 2967 493 3047 igitur,
523 2967 564 3028 ab
592 2967 760 3030 intellectu
790 2971 818 3030 1ο
846 2970 1051 3049 apprehendi
1079 2970 1113 3031 in
1140 2978 1214 3031 ente

128 3065 258 3129 essendi
274 3074 400 3140 actum;
417 3065 450 3126 Ψ
464 3065 616 3146 cognosci
634 3067 855 3128 exclusionem
871 3069 1028 3147 oppositi,
1043 3087 1139 3149 quam
1157 3069 1214 3131 illa

129 3176 219 3227 actus
232 3174 374 3239 exercet;
391 3165 425 3238 ὅθ
440 3167 591 3243 cognosci
616 3166 816 3228 exclusionis
832 3169 952 3229 mutue
969 3167 1193 3229 necessitatem
1204 3184 1221 3253 ;J

128 3282 165 3327 ac
179 3263 213 3326 4⁰
230 3264 307 3343 poni
328 3262 503 3344 iudicium,
526 3264 615 3344 quod
642 3274 690 3326 est
717 3263 919 3345 principium
947 3264 1138 3340 identitatis,
1156 3284 1212 3329 seu
1281 3251 1283 3255 ¹

127 3360 411 3426 contradictionis.
587 3354 595 3364 '
1010 3441 1011 3444 Ἴ

168 3458 220 3521 58.
246 3457 289 3521 llx
308 3459 358 3519 his
372 3458 405 3519 1⁰
420 3458 633 3522 confirmatur
659 3460 746 3540 quod
771 3458 804 3520 in
830 3458 934 3538 logica
950 3460 995 3536 ll„
1013 3461 1083 3541 stt)
1098 3463 1211 3525 statui·

129 3575 214 3630 mus,
239 3555 508 3619 contradictionis
536 3556 667 3619 effatum
700 3557 842 3637 primum
870 3576 940 3620 esse
971 3559 1211 3639 principiorum

35 3668 36 3672 ’
128 3657 291 3719 omnium.

170 3745 294 3818 vfitium
310 3752 518 3816 manifestum
541 3762 600 3828 est,
619 3752 706 3815 idem
734 3753 936 3835 principium
962 3756 1212 3820 affirmationem

130 3853 270 3934 primam
287 3871 368 3915 esse.

39 4024 41 4029 ,
166 3951 218 4015 39.
243 3950 373 4034 Opponi
390 3959 524 4033 posset:
543 3951 745 4032 principium
771 3952 1042 4016 contradictionis
1070 3953 1232 4035 primam.

127 4050 377 4117 affirmationem
393 4068 457 4116 ocu
475 4049 590 4115 videri.
607 4049 688 4113 Nam
