2792 4600
438 351 524 397 trouu
546 351 667 410 neruos,
690 350 783 397 cortu
805 351 838 398 u.
1152 337 1214 403 227

122 463 228 542 posita
243 482 314 527 esse
336 477 524 547 nequeunt:
546 486 623 547 ergo
645 477 721 530 sunt
735 468 921 549 simplicia:
939 488 1017 551 ergo
1033 472 1213 540 inextcnsa.

117 559 213 649 Quod
231 561 325 626 tacite
341 564 514 640 refellitur,
532 566 633 629 altera
650 567 886 647 consequentia
902 579 1027 649 negata.
1052 571 1099 634 lix
1114 588 1211 653 argu·

121 671 234 724 mento
256 680 398 744 namque
419 665 482 726 hoc
498 681 599 728 unuin
621 665 793 745 sequitur:
814 666 929 728 ultima
951 668 1125 750 compositi
1146 672 1212 733 ele·

122 772 231 821 ments
254 762 533 841 quemadmodum
557 763 706 842 partibus
721 762 951 826 essentialibus
967 782 1033 828 non
1049 777 1211 845 constant,

122 859 167 919 ita
187 877 252 921 non
273 869 422 922 constare
441 879 478 922 ex
502 859 742 939 integrantibns
765 877 800 922 re
822 860 983 936 discretis,
1004 872 1035 924 et
1057 863 1210 927 inunum

117 957 327 1035 coniunctis:
352 959 571 1023 nulloautern
601 968 693 1038 pacto
717 959 879 1021 deducere
899 961 987 1035 lieet,
1011 961 1125 1024 ultima
1146 966 1211 1027 ele·

120 1066 229 1119 menta
247 1058 445 1136 geometrice
471 1058 628 1120 continua
647 1074 801 1121 essenon
820 1076 927 1138 posse.
955 1061 991 1122 ln
1011 1062 1212 1139 geometrico

118 1156 209 1217 enirn
226 1157 384 1219 continuo
401 1157 500 1218 nulle
515 1167 591 1219 sunt
607 1158 749 1219 actuales
777 1165 894 1237 partes,
911 1159 967 1220 sed
984 1159 1090 1220 solum
1108 1163 1213 1239 possi·

120 1253 223 1330 biles;
240 1267 346 1334 oeque
360 1253 444 1316 illud
465 1272 504 1316 ex
526 1253 674 1335 partibus
694 1254 887 1317 coadunatis
907 1258 1130 1335 componitur,
1153 1262 1210 1321 sed
1234 1317 1237 1324 .

120 1353 165 1413 itu
188 1364 222 1415 ut
248 1362 306 1425 est,
334 1363 366 1414 et
394 1360 499 1416 totum
523 1361 682 1433 quantum
704 1362 763 1428 est,
793 1354 900 1432 primo
923 1356 1061 1434 produci
1082 1356 1208 1421 debuit.

118 1449 223 1531 lgitur
253 1451 367 1513 ultima
392 1451 565 1528 elementa,
596 1452 672 1513 licet
698 1469 766 1515 nou
793 1453 973 1533 composita
996 1471 1035 1514 ex
1061 1455 1210 1534 partibus

116 1560 253 1612 extensa
265 1569 335 1613 esse
351 1558 501 1632 possunt.

160 1649 311 1712 Proiecto
327 1665 423 1713 nemo
437 1649 612 1729 negaverit,
631 1667 757 1728 possea
776 1652 840 1713 lieo
855 1651 958 1712 creari
975 1652 1119 1714 solidorn
1135 1670 1209 1715 cor·

120 1768 185 1829 pus
200 1749 243 1811 ita
258 1750 464 1821 continuum,
482 1757 518 1810 ut
532 1760 706 1836 geometrae
721 1748 949 1838 considerante
962 1750 1029 1811 lloc
1042 1768 1120 1830 ergo
1135 1770 1208 1815 eor-

121 1866 184 1928 pus
199 1848 417 1927 compositum
430 1863 496 1909 non
510 1857 594 1909 esset
616 1867 652 1908 ex
669 1846 830 1926 partibus,
848 1864 1034 1928 quanquam
1052 1849 1085 1910 in
1102 1859 1212 1929 partes

118 1949 227 2010 dividi
245 1957 491 2029 possetinente
513 1948 640 2020 saltem,
665 1945 885 2017 divisionibus
900 1947 1092 2011 indefinitis.
1109 1950 1213 2030 igitur

119 2047 291 2111 evidenter
304 2046 463 2128 possibile
478 2055 537 2123 est,
552 2047 654 2110 creari
668 2064 686 2106 a
703 2045 769 2109 [leo
781 2062 902 2125 corpus
916 2045 1057 2125 simplex
1068 2046 1167 2109 simul
1180 2059 1213 2111 et

117 2147 330 2210 continuum.
347 2146 449 2226 igitur
474 2163 542 2208 non
558 2155 695 2226 potesta
724 2144 826 2224 priori
843 2153 991 2206 constare
1007 2147 1122 2208 ultirna
1134 2164 1209 2209 cor·

115 2262 238 2326 porum
251 2245 412 2310 elementa
427 2252 558 2308 extensa
574 2262 639 2306 non
655 2260 738 2305 esse.

161 2345 176 2374 *
197 2344 250 2406 sl.
267 2345 302 2407 ld
318 2343 408 2426 quod
430 2361 469 2406 ex
484 2344 565 2424 ipsis
591 2343 850 2427 adversariorum
881 2342 1054 2422 principiis
1069 2361 1106 2405 ac
1122 2347 1210 2424 posi-

116 2442 398 2506 tionibusdednci
422 2451 539 2523 potest.
557 2443 686 2504 Ponunt
702 2441 792 2519 enirn
809 2441 894 2501 inter
910 2456 1029 2520 puncta
1045 2442 1210 2523 simplicia

113 2557 257 2603 vacuum
269 2539 488 2618 interjectum.
498 2536 590 2610 Quod
603 2538 739 2619 quidem
748 2555 883 2600 vacuum
897 2539 1091 2600 continuum
1104 2542 1210 2620 quod·

116 2639 196 2701 darn
212 2646 259 2699 est
272 2636 424 2699 terminis
436 2635 882 2709 realibuscontentunt.0uid
894 2652 993 2716 porro
1009 2648 1057 2698 est
1072 2655 1209 2700 vacuum

63 2752 68 2761 '
116 2740 208 2802 istud
221 2737 440 2801 continuum?
453 2735 509 2799 list
521 2736 722 2817 possibilitas
738 2735 937 2797 extensionis
953 2735 1062 2809 realis,
1079 2749 1114 2799 ut
1128 2737 1208 2799 alibi

113 2839 285 2912 dicemus;
303 2835 434 2915 ipsique
448 2834 623 2895 adversarii
641 2833 676 2894 in
700 2834 763 2906 hoc
777 2832 998 2896 consentiunt.
1016 2836 1087 2932 llaeo
1099 2847 1207 2898 autent

113 2934 216 2998 realis
239 2933 385 2996 extensio
401 2950 473 3014 quae
486 2931 655 3013 possibilis
671 2942 730 3004 est,
748 2949 814 2994 uon
830 2942 878 2993 est
893 2941 980 2993 certe
997 2931 1098 2994 series
1120 2951 1206 3014 pun·

114 3045 248 3097 ctorum
269 3051 341 3114 qnae
355 3051 388 3094 se
413 3031 620 3112 contingant;
639 3032 708 3093 haec
733 3030 822 3092 enirn
848 3030 961 3104 series,
987 3030 1103 3092 iisdem
1122 3031 1209 3096 ultro

116 3119 310 3207 fatentibus,
327 3139 497 3212 repugnat.
510 3131 620 3195 Restat
630 3147 708 3208 ergo
721 3138 755 3190 ut
767 3128 809 3189 sit
820 3127 967 3190 extensio
983 3128 1114 3189 realiter
1128 3146 1207 3192 con·

116 3232 223 3295 tinua.
241 3231 298 3295 Est
313 3247 391 3310 ergo
406 3215 574 3311 possibilis
590 3228 737 3292 extensio
753 3227 884 3289 realiter
900 3226 1068 3290 continua.

546 3394 712 3441 tortuosus
736 3394 781 3438 ιιι.

454 3504 470 3534 *
490 3505 683 3587 Refellcntur
704 3506 872 3586 dynamin.

159 3638 489 3704 55:1³n0r0s1notv,
525 3638 744 3719 Dynamismns
777 3637 1089 3701 transcendentolinm
1115 3640 1213 3719 pluro

116 3738 255 3820 congerit
283 3737 388 3818 t'ttcptc
408 3748 497 3819 etque
514 3738 647 3800 adsurde
653 3761 665 3813 ,·
687 3738 762 3818 qnid
775 3748 877 3799 tomen
890 3755 1000 3815 eorpus
1027 3739 1080 3812 sit,
1103 3739 1209 3801 nullo·

117 3848 207 3901 tenus
220 3837 368 3917 explieat.

162 3935 257 3999 Missa
274 3935 390 3997 inciam
415 3935 569 4016 plurima,
598 3953 670 4014 quse
688 3936 720 3995 in
744 3934 795 3995 itis
810 3934 1142 3997 transcendentalinm
1159 3953 1213 4015 sy·

119 4032 312 4097 sternatibus
332 4033 509 4097 arbitraria
528 4042 605 4096 snut
624 4044 656 4099 et
675 4032 829 4110 absurda,
850 4032 994 4114 itemque
1008 4034 1238 4114 sophismata·

1022 4132 1060 4172 to.
