2792 4600
202 339 263 403 358
633 349 825 398 eosuonosn.

200 469 340 562 spatiurn
358 485 427 531 essa
441 467 581 530 formam
608 464 821 546 subjeetiram
852 461 1013 525 facultatis
1029 459 1206 536 sentiendi,
1225 477 1297 541 qua

205 570 418 649 plraenomena
435 565 629 629 formantur.

241 665 336 729 Nunc
350 665 433 748 quid
449 664 490 727 de
506 665 558 727 his
580 663 796 746 opinionibus
825 660 1080 726 existimandum
1103 661 1157 736 sit,
1180 658 1298 721 videa·
1384 633 1385 640 ἵ

201 781 287 829 mus.

635 910 800 960 sarrcunns
823 911 857 956 n.

592 1026 676 1102 Quid
696 1028 736 1089 sit
750 1019 896 1110 spatium.

241 1163 314 1228 sal.
339 1164 513 1253 Psorosrno
529 1162 554 1225 l.
571 1139 914 1242 sputamentorum,
932 1156 1037 1236 prouti
1050 1174 1071 1220 a
1084 1155 1172 1219 notis
1186 1109 1302 1217 omni:

199 1261 298 1342 pitter,
311 1278 375 1322 non
389 1269 430 1323 est
440 1259 561 1341 aliquid
574 1265 666 1320 estro
680 1266 807 1320 mentem
820 1258 966 1336 sentens.

142 1418 146 1425 .
245 1358 275 1421 1ο
290 1356 440 1439 Spatium
457 1355 661 1437 hujusmodi,
678 1355 856 1419 fatentibus
881 1354 979 1435 hujus
1001 1353 1169 1418 sententiae
1184 1361 1301 1415 auoto-
1386 1371 1387 1378 ¹

204 1454 310 1533 ribus,
338 1474 399 1519 nec
428 1455 610 1520 substantia
635 1463 720 1518 esset
742 1473 802 1518 nse
822 1454 986 1517 recidens.
1008 1452 1109 1535 Atqui
1136 1455 1302 1531 repugnat

203 1553 290 1617 reale
306 1572 376 1617 esse
391 1553 530 1636 aliquid,
545 1552 634 1635 quod
648 1571 708 1617 nec
720 1553 901 1619 substantia
915 1552 958 1616 sit
972 1547 1033 1615 nee
1044 1541 1206 1614 assidens.
1220 1548 1300 1612 llaee
1387 1561 1388 1624 ι

203 1651 293 1715 enirn
310 1652 376 1715 duo
406 1651 595 1715 immediate
620 1660 835 1732 opponuntur
851 1669 860 1728 ;
877 1651 956 1732 quia
984 1647 1148 1732 quidquid
1168 1654 1227 1725 est,
1244 1643 1298 1708 vel
1387 1641 1388 1646 ’

204 1758 253 1812 est
269 1768 327 1831 per
341 1768 387 1827 se,
405 1749 453 1812 vel
471 1768 538 1814 non
554 1759 602 1814 est
618 1768 676 1832 per
692 1769 739 1812 se.
762 1749 797 1815 Si
816 1768 874 1831 par
893 1767 940 1824 se,
963 1757 1011 1813 est
1033 1743 1212 1810 substantia
1229 1762 1238 1820 ;
1266 1742 1296 1806 si

94 1917 97 1922 ,
205 1865 271 1911 non
289 1856 337 1910 est
352 1866 410 1929 per
425 1867 470 1924 se,
488 1847 538 1911 vel
554 1848 715 1924 estnihil,
733 1849 783 1911 vel
798 1848 1024 1911 estascidens.
1180 1886 1197 1929 0

246 1946 278 2009 2⁰
292 1945 446 2009 Extensio
461 1932 534 2010 autu
557 1946 685 2010 infinita
701 1955 862 2028 repugnat
874 1946 922 2019 (0.
938 1945 1010 2019 snt,
1027 1945 1080 2024 5⁰).
1099 1944 1167 2008 llos
1186 1951 1299 2005 autem

166 2117 170 2122 ,
205 2045 347 2125 spatium
360 2055 433 2108 aotu
449 2045 617 2110 inlinitum
632 2046 767 2121 dieitur,
783 2055 880 2127 atque
895 2045 977 2108 adeo
992 2043 1058 2106 diei
1074 2042 1170 2108 debet
1186 2061 1195 2105 :
1209 2040 1296 2105 nulli

203 2142 294 2207 enim
310 2144 345 2205 in
360 2162 399 2208 eo
412 2144 533 2208 limites
548 2144 679 2227 concipi
693 2152 841 2226 possunt.
859 2143 952 2217 Quod
968 2142 995 2206 si
1006 2152 1079 2206 actu
1091 2140 1209 2215 existit,
1226 2157 1299 2203 non
1388 2127 1389 2202 l

204 2248 392 2321 potestesse
405 2243 572 2309 infinitum
588 2244 780 2327 inpotentia
794 2263 802 2323 ;
816 2243 1000 2317 necessario
1017 2241 1116 2324 igitur
1129 2239 1298 2304 infinitum

204 2348 253 2404 est
267 2350 353 2404 aetu.

246 2440 280 2502 3⁰
294 2440 464 2521 Repugnat
489 2441 614 2522 aliquid
642 2443 784 2506 existere
811 2442 1004 2515 increatum,
1032 2447 1151 2521 praeter
1176 2437 1296 2500 Deum.

205 2537 298 2612 Quod
308 2539 397 2601 enim
407 2539 588 2603 increatum
601 2541 724 2621 forata
739 2544 804 2606 [teo
817 2559 950 2623 qnoque
963 2537 1297 2619 foretindependsns.
1389 2556 1390 2561 ¹

204 2634 391 2699 absurdum
419 2645 466 2701 est
481 2650 589 2701 autem
612 2657 681 2703 esse
697 2639 823 2720 aliquid
839 2641 937 2703 alteo
952 2638 1191 2718 independens.
1208 2638 1298 2700 Prae-

207 2742 294 2797 terea
310 2752 369 2798 ens
385 2735 565 2799 increatum
581 2746 629 2800 ast
651 2755 739 2800 ensa
755 2756 801 2800 sa.
818 2737 884 2800 Ens
900 2747 1007 2801 autem
1023 2755 1088 2801 ase
1104 2746 1153 2800 est
1167 2734 1299 2798 infinite

207 2834 387 2915 perfeetum
404 2835 569 2917 :spatium
596 2845 787 2900 autemnon
814 2846 864 2899 est
885 2846 971 2900 certe
995 2834 1199 2918 huiusmodi.
1229 2834 1298 2898 llos

206 2933 339 2997 demum
356 2953 419 2997 ase
438 2944 487 2998 est
509 2936 643 2999 unicum
661 2945 775 2999 natura
791 2954 859 3009 sua,
877 2944 912 2999 ut
925 2936 959 2999 in
976 2935 1141 3016 theologia
1157 2936 1297 2996 demon·

205 3032 373 3097 strabitur.
390 3036 475 3115 Ergo
492 3041 610 3117 praeter
626 3036 729 3103 Deum
756 3036 885 3101 nullum
912 3035 1002 3100 aliud
1029 3044 1220 3116 potestesse
1237 3049 1298 3094 ens

205 3150 281 3195 ase.

245 3231 319 3294 35⁰2.
338 3234 516 3313 Psorosrrro
538 3231 579 3297 ll.
606 3231 754 3314 Spatium
782 3232 952 3296 absolutum
969 3250 1034 3295 non
1059 3231 1225 3296 eatdivinu
1238 3232 1297 3292 ius·

114 3318 117 3321 Δ
202 3331 360 3392 memmi&

243 3426 324 3490 Nam
341 3427 371 3488 1⁰
383 3425 584 3490 immensitas
599 3427 723 3504 divina,
736 3447 812 3491 cunr
823 3429 960 3492 adivina
971 3428 1152 3492 substantia
1163 3426 1298 3490 realiter

206 3545 273 3592 non
297 3527 526 3606 distinguatur,
542 3526 790 3607 simplicissima
805 3538 864 3604 est,
882 3538 979 3610 atque
994 3546 1013 3611 a
1029 3527 1159 3591 formali
1183 3535 1296 3589 exten·

204 3627 299 3691 sione
314 3626 445 3707 penitus
472 3625 668 3689 abhorrens.
691 3626 791 3706 Atqui
808 3628 949 3707 spatium
977 3637 1025 3690 est
1041 3625 1225 3689 formaliter
1240 3644 1297 3689 ex·

204 3736 333 3790 tensum
353 3731 454 3789 :sunt
468 3724 558 3786 enirn
575 3723 608 3785 in
625 3742 663 3787 eo
679 3735 789 3805 partes
804 3736 892 3788 extra
923 3737 1042 3809 partes.
1071 3727 1203 3789 Frustra
1218 3742 1299 3788 vero

203 3823 335 3905 reponit
364 3821 541 3894 Clarolrius
572 3821 606 3884 in
637 3822 744 3902 spatio
767 3833 875 3903 partes
906 3843 979 3887 vere
1006 3841 1072 3887 uon
1102 3842 1184 3898 esse,
1215 3823 1304 3904 quia

204 3939 402 4003 nunquama
418 3928 498 3994 toto,
515 3928 571 3983 aut
584 3939 602 3984 a
615 3939 649 3984 se
666 3921 807 3986 invicem
821 3924 968 4003 separari
987 3933 1136 4004 possunt.
1160 3921 1299 3986 Frustra

203 4018 340 4099 inquam
356 4036 363 4083 :
382 4004 552 4082 nonenim
569 4020 705 4083 actualis
720 4022 936 4102 separationis
959 4020 1162 4103 possibilitas
1184 4030 1299 4103 partes
