2792 4600
198 370 242 433 30
655 383 826 432 onrotocnt.

197 526 213 562 ι
240 498 499 580 imaginandum,
518 499 607 578 quod
629 517 694 562 una
715 517 766 561 res
779 499 821 561 sit
837 517 909 579 quae
938 496 1120 577 participat,
1139 499 1223 562 sicut
1238 518 1288 563 εε-

198 622 214 658 »
237 598 352 673 sentia,
369 605 400 659 ει
414 597 479 658 alia
493 615 565 677 quae
578 596 800 676 participatur,
816 597 900 658 sicut
912 613 998 670 esse;
1012 596 1066 656 sed
1086 596 1162 675 quia
1179 616 1242 659 una
1255 608 1287 661 et

196 720 212 756 ι
237 696 350 758 eadem
367 712 419 757 res
442 701 489 757 est
504 695 634 756 realitas
650 693 749 756 modo
772 693 977 772 participato,
996 700 1025 754 et
1042 711 1100 773 per
1126 693 1191 754 vim
1206 696 1286 756 alte·

195 820 211 856 ι
237 796 319 867 rius,
337 795 421 857 sicut
444 811 501 875 per
516 794 582 856 vim
598 794 744 873 agentis:
763 792 832 854 haec
862 796 949 853 enim
966 791 1096 853 realitas
1112 792 1153 855 de
1169 812 1202 854 se
1220 812 1285 856 non

198 919 214 955 ι
238 902 285 958 εει
301 894 364 957 nisi
385 888 446 957 sub
463 893 561 956 modo
584 891 755 973 possibiii;
774 891 860 972 quod
886 900 994 953 autem
1011 890 1053 952 sit
1068 899 1100 952 et
1116 892 1217 971 possit
1229 910 1285 956 vo·

200 1018 214 1054 »
241 995 305 1057 cari
323 1002 424 1064 actus,
443 992 506 1055 hoc
522 991 618 1053 habet
635 1010 692 1071 per
708 990 772 1052 vim
787 990 942 1070 agentis»
963 992 1011 1066 (r).

239 1091 322 1173 Ορρ.
340 1091 395 1155 ΙΙΙ.
413 1090 505 1162 Quod
523 1102 570 1151 est
584 1089 773 1150 indifferens
789 1088 829 1149 ad
852 1088 1003 1162 alterum,
1022 1086 1062 1148 ab
1078 1087 1137 1149 illu
1153 1088 1288 1151 realiter

197 1190 425 1268 distinguitur.
440 1188 501 1252 Sed
519 1207 570 1250 res
586 1188 811 1266 contingentes
827 1195 902 1250 sunt
918 1186 1143 1247 indifferentes
1159 1187 1199 1248 ad
1215 1190 1284 1248 exi·

197 1289 350 1351 standum
366 1287 414 1349 vel
433 1304 510 1349 non.

240 1388 335 1468 Resp.
366 1387 441 1449 illst.
461 1384 536 1466 maj.
551 1384 642 1456 Quod
667 1394 715 1445 est
736 1383 927 1446 indifferens
943 1385 1090 1465 physice,
1107 1395 1204 1448 trans.
1215 1409 1225 1461 ,·
1238 1386 1282 1448 lo-

196 1487 278 1567 gice,
296 1505 381 1566 ηερε.
400 1487 439 1549 Et
450 1485 628 1545 contradict.
646 1485 723 1546 mlo.

237 1585 375 1663 Physica
398 1583 588 1645 indifferens
609 1583 647 1643 ad
666 1582 792 1662 aliquid
816 1582 958 1644 dicimus
975 1583 1020 1658 id,
1039 1584 1127 1664 quod
1145 1585 1179 1646 in
1200 1594 1285 1646 statu

116 1709 121 1717 ·
198 1683 557 1764 physicoconstitutum
574 1676 766 1760 potestillud
780 1681 901 1743 habere
909 1690 939 1743 et
954 1692 1059 1764 potest
1070 1677 1137 1745 hon
1151 1683 1284 1746 habere.

197 1784 266 1846 Hoc
282 1782 484 1861 pactohomo
501 1779 693 1842 indifferens
703 1781 796 1841 estad
813 1779 965 1842 virtutem
979 1781 1029 1842 vel
1038 1780 1077 1841 ad
1088 1780 1285 1844 doctrinam.

197 1879 391 1941 indifferens
410 1896 486 1941 vero
507 1878 612 1957 logice
634 1876 678 1948 id,
697 1877 785 1956 quod
811 1885 915 1956 potest
930 1877 1002 1939 sine
1018 1879 1120 1940 altero
1135 1882 1283 1959 cogitari,

198 1977 325 2039 etiamsi
342 1994 409 2040 non
426 1976 529 2057 possit
544 1995 613 2038 esse
627 1977 700 2039 sine
715 1977 786 2039 illo.
806 1976 860 2040 Sic
875 1994 909 2038 se
926 1976 1022 2040 habet
1036 1978 1151 2052 virtus,
1168 1998 1218 2042 ex.
1235 1998 1283 2060 gr.

195 2077 235 2137 ad
255 2077 436 2151 bominem,
457 2076 513 2156 qui
528 2085 574 2137 est
587 2077 656 2155 ejus
671 2075 867 2154 subjectum.

236 2175 384 2238 lamveru
405 2175 546 2237 essentia
566 2174 702 2237 actualis
724 2193 792 2238 non
815 2183 862 2237 est
882 2175 1016 2256 physice
1037 2177 1228 2240 indifferens
1244 2181 1284 2240 ad

196 2273 413 2349 existentiam,
437 2273 494 2336 sed
517 2271 623 2353 logice
643 2280 781 2349 tantum,
806 2281 966 2354 quatenus
993 2276 1154 2355 cogitatur
1170 2279 1285 2356 praeci-

195 2374 291 2436 sione
306 2374 387 2435 lacta
400 2374 440 2436 ab
454 2374 637 2449 existentia,
650 2374 697 2435 vel
715 2373 813 2435 etiam
826 2374 999 2453 negatione
1011 2375 1135 2436 inclusa
1147 2378 1285 2439 existen·

194 2471 260 2544 tie,
279 2480 313 2533 ut
335 2488 437 2552 quum
458 2471 498 2533 de
519 2471 658 2533 essentia
678 2472 859 2550 cogitamus
874 2478 909 2533 ut
924 2480 971 2534 est
995 2471 1029 2533 in
1048 2474 1193 2551 potentia
1208 2476 1283 2552 (54).

237 2571 320 2650 Ορρ.
339 2567 390 2632 tv.
406 2572 437 2634 1⁰
450 2569 597 2633 iissentia
613 2579 662 2631 est
687 2569 916 2644 immutabilis,
933 2571 1105 2633 existentia
1119 2590 1196 2636 vero
1211 2592 1284 2636 mu-

193 2667 325 2730 tabilis:
343 2669 376 2731 2⁰
392 2668 531 2729 essentia
547 2676 594 2728 est
609 2675 740 2742 aeterna,
758 2667 926 2730 existentia
944 2667 1112 2747 producta.
1130 2669 1227 2750 Ergo.

236 2768 333 2845 Resp.
347 2765 387 2827 ad
404 2766 456 2828 ιω.
475 2765 554 2829 onst.
572 2763 621 2826 l·m
633 2773 764 2845 partem.
782 2766 930 2829 Essentia
949 2773 998 2828 est
1018 2766 1231 2832 immutabilis
1249 2771 1282 2831 iu

193 2883 233 2925 eo
259 2862 348 2944 quod
371 2864 511 2925 essentia
536 2864 609 2926 talis
631 2873 687 2936 est,
704 2881 809 2938 cocc.,·
833 2865 865 2926 in
895 2881 935 2925 eo
957 2864 1046 2943 quod
1063 2866 1195 2946 physice
1220 2878 1281 2941 est,

190 2982 280 3043 nepo.
297 2962 426 3024 Transit
445 2963 532 3023 enirn
547 2981 565 3023 a
580 2981 646 3025 non
670 2982 740 3025 esse
756 2962 795 3023 ad
812 2980 893 3037 esse,
910 2971 943 3024 et
962 2971 1068 3042 potest
1082 2967 1221 3028 transire
1242 2970 1284 3027 ab

192 3082 262 3124 csse
280 3062 320 3123 ad
337 3079 402 3123 non
416 3079 498 3123 esse.
1033 3061 1035 3064 ’

234 3159 327 3222 Cotto.
344 3159 383 3220 Ψ
399 3168 530 3239 purtem.
546 3157 609 3220 Sed
630 3158 810 3220 existentiae
830 3159 1032 3222 mutabilitas
1052 3162 1165 3224 eadem
1187 3165 1284 3244 plane

191 3268 240 3319 est
253 3276 290 3318 ac
310 3257 511 3318 mutabilitas
527 3257 675 3318 essentiae
691 3257 723 3318 in
740 3275 780 3320 eo
796 3256 883 3337 quod
898 3259 1031 3337 physice
1044 3271 1103 3322 est.
1283 3259 1286 3263 ’

210 3354 294 3417 hd.
317 3354 460 3418 hmilist.
485 3354 521 3415 lm
539 3364 669 3435 purtem.
703 3354 738 3416 In
766 3364 849 3418 statu
873 3357 1089 3437 intelligibili,
1120 3368 1284 3440 quatenus
1374 3401 1375 3410 ,

193 3451 327 3532 physice
357 3452 440 3514 nihii
468 3459 526 3526 est,
547 3470 651 3526 cmtc.‚·
683 3452 716 3514 in
748 3447 831 3516 statu
857 3453 987 3528 actuali,
1018 3473 1109 3536 noym
1138 3466 1170 3518 et
1193 3476 1279 3520 cccc.
1373 3461 1374 3470 ’

191 3550 385 3631 amparem.
652 3541 671 3571 ⁵

220 3697 252 3751 tl)
265 3696 292 3742 ln
305 3696 359 3743 Met.
373 3703 431 3743 text.
442 3697 480 3745 tt.
