2792 4600
212 300 279 371 att
655 320 846 366 cosuomcn.

216 436 260 499 ad
276 435 440 499 dexteram
457 434 556 498 simul
580 446 705 517 partem
720 447 759 498 ἐι
784 436 825 500 ad
843 435 1023 511 sinistram,
1053 442 1308 517 consequeretur

218 533 329 612 ipsum
346 534 470 599 moveri
486 535 526 596 ad
550 534 727 612 dexteram,
744 545 776 597 et
795 535 894 598 simul
918 552 985 599 non
1001 535 1137 599 moveri.
1154 534 1194 597 At
1208 533 1236 595 si
1252 550 1310 614 per
1369 617 1370 624 ἵ

217 633 514 696 multilocationem
531 632 609 696 bina
626 633 697 696 loca
709 641 858 715 occupet,
877 634 940 697 laoo
955 634 1098 715 amplius
1113 651 1179 697 non
1195 648 1310 696 couse-
1369 637 1370 640 ’

217 732 361 811 quitur-3
388 733 444 796 sed
465 734 678 815 consequitur
703 734 823 808 solum,
842 733 951 814 ipsum
972 732 1095 796 moveri
1119 731 1256 812 positive
1271 730 1310 792 ad
1355 757 1360 772 ι

219 839 347 912 partem
363 840 549 913 utramque.
1369 895 1370 900 ,

264 929 423 993 Caeterum
438 930 619 995 notandum
635 939 692 1003 est,
708 930 755 991 'in
779 929 1043 993 multilocatione
1072 928 1239 992 definitiva
1264 930 1309 992 tel
1369 1007 1370 1010 Ἴ

220 1029 323 1093 mixta
338 1047 458 1109 corpus
474 1028 714 1091 multilocatum
727 1028 850 1090 moveri
864 1028 973 1091 solum
989 1047 1048 1109 per
1059 1027 1222 1101 accidens,
1236 1026 1311 1107 quia
1369 1029 1370 1096 ξ

222 1145 291 1192 non
308 1138 356 1191 est
372 1130 404 1189 in
423 1128 494 1191 loco
510 1127 675 1200 eomodo,
693 1127 751 1208 qui
765 1128 956 1190 naturaliter
969 1127 1122 1209 proprius
1137 1135 1185 1189 εει
1200 1143 1312 1206 corpo·
1369 1139 1370 1194 ι

222 1242 309 1299 rum,
328 1244 444 1306 nempe
461 1244 520 1308 per
536 1226 725 1307 quantitatis
741 1234 927 1289 contactum
943 1226 1039 1307 (aba).
1201 1213 1204 1217 Δ
1369 1219 1370 1246 ³

656 1374 821 1420 santulus
842 1375 886 1421 vr.
1169 1359 1172 1363 ⁴

679 1490 690 1515 *
707 1490 750 1553 De
763 1510 872 1554 cocao.

491 1567 520 1600 ὦ
1369 1581 1370 1596 r

257 1622 339 1686 575.
356 1617 575 1694 Quaerendum
601 1619 668 1702 jam
684 1621 726 1683 de
747 1622 854 1701 spatio
878 1638 980 1684 vacuo
995 1638 1006 1697 ,⁰
1021 1638 1062 1683 an
1087 1619 1248 1701 possibile
1263 1620 1312 1693 sit,

225 1739 268 1783 an
285 1721 340 1786 sit.
820 1747 823 1750 “
1369 1727 1370 1796 3

269 1819 542 1899 Distinguendum
569 1820 671 1881 estin
702 1820 820 1900 primis
844 1837 980 1883 vacuum
1005 1818 1130 1900 propria
1159 1818 1314 1881 diuturna

223 1935 327 1980 vacuo
342 1917 509 1998 improprie
524 1917 613 1980 dieto.
635 1917 781 1980 Vacuum
798 1918 931 1997 proprie
953 1918 1146 1980 dictumest
1175 1917 1315 1995 spatium
1369 1907 1370 1928 ¹

229 2016 265 2077 in
289 2033 355 2096 quo
378 2016 506 2078 nullum
529 2033 663 2096 prorsus
687 2027 735 2079 est
756 2033 888 2098 corpus,
916 2034 976 2078 nec
1002 2015 1231 2098 ponderabile,
1262 2032 1317 2077 nec
1369 2079 1370 2088 ,

178 2167 180 2169 ,
231 2114 508 2194 imponderabile.
528 2115 675 2177 Vacuum
703 2117 885 2197 improprie
908 2116 1032 2179 dictum
1053 2123 1101 2178 est
1113 2114 1270 2188 extensio,
1287 2115 1317 2177 in

231 2221 362 2293 quaest
384 2212 519 2293 quidem
537 2214 672 2295 aliquod
689 2206 821 2295 corpus,
835 2216 891 2278 sed
908 2214 1086 2286 invisibile,
1104 2214 1261 2294 quodque
1274 2211 1318 2274 vel

231 2330 301 2375 non
315 2313 453 2392 impedit
466 2314 759 2396 alteriusoorporis
774 2315 1037 2391 collocationem,
1047 2322 1137 2377 utest
1148 2313 1318 2386 athenaei

234 2411 330 2474 facile
342 2420 373 2473 et
385 2414 457 2475 sine
472 2432 569 2476 sensu
586 2416 685 2488 cedit,
700 2424 736 2477 ut
750 2432 815 2478 aer.

275 2510 419 2573 Vacuum
450 2513 584 2594 proprie
619 2513 742 2576 dictum
777 2512 865 2575 aliud
899 2522 947 2576 est
971 2513 1206 2594 imuqiaorium,
1235 2511 1319 2574 aliud

213 2610 326 2671 recle.
349 2608 580 2690 imaginarium
607 2620 655 2673 est
669 2629 820 2684 vacuum,
842 2611 931 2692 quod
948 2620 1037 2674 extra
1052 2611 1169 2673 mundi
1202 2611 1320 2673 limites

235 2707 454 2786 concipimus.
472 2709 570 2773 Reale
593 2717 806 2787 est-vacuum,
831 2710 925 2792 euius
944 2710 1065 2774 limites
1090 2708 1321 2791 superficiebus

235 2805 375 2867 realium
391 2824 569 2886 corporum
585 2806 799 2872 deliniuntur.

279 2903 415 2977 Rursus,
444 2921 580 2966 vacuum
609 2906 696 2968 reale
725 2907 815 2970 aliud
839 2906 961 2970 dicitur
995 2913 1214 2980 commeatum,
1237 2903 1322 2967 aliud

235 3000 496 3078 disseminatum
520 3022 593 3083 quae
619 3003 755 3066 nomina
784 3004 951 3067 latendum
980 3013 1028 3067 est
1049 3004 1126 3067 satis
1148 3002 1323 3085 impropria

237 3118 322 3162 esse.
339 3100 485 3163 Vacuum¹
513 3119 612 3181 porro
640 3112 866 3165 coacervatum
893 3112 940 3165 est
960 3121 1096 3167 vacuum
1124 3120 1277 3183 magnum
1296 3110 1323 3163 et

235 3201 492 3274 continuatum;
515 3201 767 3264 disseminatum
793 3211 841 3264 εει
861 3220 998 3264 vacuum
1022 3202 1215 3266 insensibile
1240 3200 1322 3285 quod

238 3299 327 3360 inter
342 3309 467 3362 atomos
480 3301 697 3363 materiaetam
713 3299 938 3380 ponderabilia
950 3318 1046 3381 quam
1057 3299 1322 3381 imponderabilis
1369 3322 1370 3327 ¹

240 3397 462 3477 intercipitur.

280 3495 354 3560 etl.
388 3498 567 3560 Puoaostrro
596 3496 664 3560 Vll.
713 3496 847 3559 Vostrum
885 3496 965 3558 reule
1002 3515 1039 3558 ac
1064 3498 1188 3577 proprie
1216 3497 1324 3559 dictum
1369 3536 1370 3579 3

236 3595 446 3677 possibilem.

281 3695 361 3756 Nam
379 3694 411 3753 l⁰
427 3692 518 3755 nulla
533 3701 581 3753 est
607 3691 822 3772 repugnantia
852 3692 885 3753 in
909 3704 1068 3773 conceptu
1087 3693 1178 3754 vacui
1200 3691 1324 3772 proprie

239 3794 320 3856 dicti
339 3796 425 3855 inter
439 3792 561 3855 limites
576 3794 691 3855 reales.
710 3790 792 3864 Quid
811 3802 857 3855 est
873 3793 962 3855 euim
979 3795 1144 3857 vacuum?
1165 3792 1219 3856 Est
1234 3790 1323 3872 spatii
1369 3830 1370 3833 =

239 3893 314 3972 puri
333 3911 418 3972 pars,
436 3902 491 3955 est*
505 3891 706 3971 possibilitas
728 3892 941 3955 extensionis.
966 3891 1170 3956 Possibilitas
1186 3909 1258 3954 vera
1274 3908 1322 3952 ex·

242 3990 414 4064 tensionis,
438 3982 626 4071 quanquam
648 4008 688 4051 ex
707 4007 741 4050 εε
768 3987 938 4052 indetinita
964 3990 1017 4065 sit,
1042 3997 1148 4070 potest
1173 3999 1275 4051 tamen
1296 3986 1322 4048 vi
1369 4024 1370 4061 3
