2792 4600
156 356 220 420 mu
596 361 786 420 oosuoooom.

80 479 83 486 ’
154 486 308 567 ctsngule
321 486 463 561 minore,
480 498 512 549 ct
524 487 788 569 unumquodque
802 506 841 551 ex
853 487 906 551 bis
921 487 956 551 in
973 487 1039 552 duo
1055 487 1165 552 adhue
1182 490 1247 553 mi·

157 599 242 647 nore
254 588 353 659 secas,
371 593 401 647 et
417 584 463 647 ite
475 601 586 665 porro.

202 681 273 747 lut.
290 683 337 747 be
359 683 525 748 continue
539 684 741 747 extensionis
753 684 991 749 constitutione
1012 702 1050 748 ee
1069 684 1250 748 divisibili·

157 791 224 846 tute
239 800 357 863 magne
371 781 433 845 fuit
448 800 467 844 e
481 782 710 845 vetustissimis
722 801 828 864 usque
843 783 1048 864 temporibus
1061 784 1148 847 inter
1162 775 1250 848 sunl·

159 898 233 945 mos
245 880 464 963 philosophos
472 881 705 945 controversie.
720 880 809 946 Zeno
817 870 998 944 stoicorum
1011 881 1068 944 ille
1082 882 1249 963 princeps,

159 979 339 1062 pluresque
364 997 440 1044 eum
466 980 525 1043 illo
539 988 662 1042 veteres
678 979 875 1055 docuerunt,
892 980 1088 1044 continuum
1103 999 1142 1043 ex
1158 980 1250 1042 indi·

158 1076 349 1142 visibilibus
376 1076 494 1141 ordine
524 1076 694 1158 dispositis
719 1079 889 1159 componi,
923 1078 1045 1141 lineum
1069 1096 1189 1160 nempe
1212 1098 1253 1143 ex

159 1176 306 1256 punctis,
333 1174 540 1256 superficiem
556 1194 596 1237 ex
618 1175 727 1250 lincis,
756 1176 903 1239 solidum
929 1196 965 1239 ex
997 1176 1249 1257 superficiebus.

106 1347 109 1352 ,
160 1274 247 1339 lliue
267 1273 462 1348 continuum
478 1290 545 1337 nou
557 1291 629 1335 esse
644 1291 681 1336 ex
698 1292 733 1335 se
748 1274 783 1336 in
800 1274 967 1337 inlinitum
983 1274 1173 1352 divisibile3
1192 1276 1249 1339 sed

158 1372 333 1435 elementis
358 1382 507 1434 constare
533 1370 648 1447 finitis,
676 1388 866 1453 quanquam
895 1389 956 1435 nee
986 1373 1138 1436 humane
1164 1374 1251 1439 vires

159 1469 343 1534 divisiones
365 1486 491 1544 omnes,
508 1487 649 1551 querum
679 1469 875 1534 continuum
890 1488 991 1551 cupex
1016 1479 1076 1548 est,
1102 1472 1250 1553 explere,

69 1565 72 1571 ’
160 1585 224 1630 nee
251 1566 386 1628 humani
410 1569 524 1638 sensus
540 1566 657 1629 ultime
678 1568 828 1630 continui
857 1576 977 1648 punctu
991 1568 1152 1649 attingere
1174 1587 1252 1650 pos-

159 1665 297 1730 suntll
329 1665 497 1729 contrario
526 1665 646 1730 summi
684 1665 734 1728 illi
757 1665 849 1730 Plato
886 1675 917 1729 et
944 1665 1149 1745 Aristoteles,
1175 1687 1253 1732 cum

160 1763 1255 1849 mathematicisomnibus,beuccontinuicompositionemuegent

81 1930 84 1934 ,
159 1883 200 1926 nc
216 1880 276 1945 pro
297 1871 387 1926 certo
415 1863 547 1937 babent,
573 1862 770 1926 continuum
786 1865 820 1925 iu
849 1873 957 1945 partes
984 1866 1252 1946 proportionales

160 1981 293 2045 sompes
318 1963 464 2025 minores
486 1962 557 2025 sine
583 1962 831 2040 liuedivisibile
854 1981 936 2027 esse.
960 1964 1107 2038 Quorum
1123 1974 1254 2028 senten·

160 2063 241 2125 tiam
262 2060 334 2123 sine
350 2059 452 2122 dubio
478 2059 740 2140 amplectendum
773 2078 956 2124 censemus
977 2060 1019 2123 Et
1040 2061 1198 2143 quoniam
1215 2063 1252 2125 in

158 2159 280 2224 atomis
296 2156 472 2239 primitivis
487 2159 678 2220 continuem
694 2159 920 2222 extensionem
935 2160 1058 2223 realem
1072 2179 1143 2223 esse
1160 2160 1251 2223 erbi-

159 2268 298 2333 tremur,
315 2274 375 2320 neo
391 2256 509 2320 desunt
531 2256 616 2320 inter
639 2258 839 2323 recentiores
859 2258 916 2340 qui
939 2259 1147 2323 indefinitum
1170 2278 1252 2326 con·

160 2358 246 2422 linui
270 2357 530 2421 divisibilitetem
554 2357 730 2437 absurdam
753 2358 920 2447 appellare
936 2376 1002 2422 nou
1023 2359 1176 2423 dubitent
1197 2363 1250 2440 (l),

160 2459 289 2522 idcirco
312 2455 482 2520 sententie
505 2457 601 2535 hujus
618 2456 830 2520 fundamenta
846 2474 1009 2537 exponere
1026 2467 1252 2540 opportunum

63 2609 68 2615 .
159 2557 327 2621 ducimus.

205 2655 276 2718 158.
306 2657 479 2718 Prooosmo
495 2655 521 2718 1.
538 2651 695 2727 Continuo
709 2653 845 2716 extensio
858 2672 923 2717 uon
936 2655 1131 2736 componitur
1145 2675 1185 2718 ee
1198 2657 1248 2720 in·

159 2752 375 2827 divisibiliter,
391 2753 441 2813 sed
462 2753 617 2832 intepretes
631 2751 785 2834 quoddam
799 2759 841 2813 est
854 2751 889 2814 iu
901 2760 1004 2833 portes
1018 2771 1135 2834 semper
1148 2754 1247 2818 couti·

159 2871 242 2917 mtos
255 2852 321 2914 siue
335 2851 397 2930 fine
411 2848 573 2914 divisibile.
754 2836 758 2841 ’

200 2950 362 3016 Probatur
377 2951 482 3028 prima
498 2964 571 3027 pers
583 2962 591 3010 ε
603 2945 634 3007 l⁰
646 2955 839 3027 argumento
851 2950 1004 3028 superius
1020 2948 1119 3013 allato
1134 2938 1248 3014 eontra

158 3049 380 3115 Leibnitzium
399 3046 472 3125 (48).
486 3045 526 3109 Ut
537 3061 646 3124 cx.gr.
660 3045 841 3126 expunctis
854 3047 1113 3126 exsurgendum,
1128 3059 1247 3128 punctu

157 3168 195 3214 se
210 3143 342 3228 tetigerit
357 3153 497 3227 oportet.
509 3142 581 3208 Non
597 3155 734 3224 possunt
748 3154 857 3208 eutem
872 3164 907 3209 se
919 3156 1050 3227 tangere
1065 3146 1246 3212 secundum

156 3250 356 3329 wipertum,
366 3245 444 3325 quie
456 3255 635 3324 pertesnon
649 3243 781 3307 hebent.
792 3246 876 3326 Ergo
888 3248 915 3308 si
929 3266 963 3311 se
974 3253 1122 3328 tangunt,
1132 3264 1247 3310 secun·

158 3345 238 3406 dum
256 3363 290 3404 se
302 3351 368 3404 tota
379 3360 413 3403 se
427 3348 576 3420 tangunt.
590 3338 666 3411 Quae
679 3348 789 3402 eutem
801 3343 981 3405 secundnm
996 3363 1031 3407 se
1043 3354 1109 3408 tote
1123 3363 1159 3409 se
1173 3353 1245 3408 teu·

156 3451 240 3525 gunt
255 3450 331 3504 sunt
345 3440 443 3502 simul
461 3449 537 3514 tote,
555 3457 673 3520 nempe
688 3459 723 3502 se
735 3449 918 3523 penetrant,
932 3457 969 3501 ae
985 3443 1125 3521 proinde
1139 3444 1247 3508 coriti·

151 3545 317 3609 unitatem
331 3559 397 3604 non
410 3539 568 3604 efficiunt.
631 3582 636 3587 -

199 3643 233 3705 2⁰
259 3640 322 3703 Sed
340 3639 394 3702 liet
423 3654 500 3701 sene
527 3638 613 3700 linea
636 3656 673 3700 ex
689 3637 832 3718 punctis.
859 3636 952 3699 Certe
967 3655 1033 3716 quo
1059 3638 1245 3718 pluresunt

50 3742 53 3748 '
154 3750 278 3821 puncta
303 3737 421 3801 ordine
444 3735 615 3817 disposite,
632 3754 671 3800 eo
687 3736 819 3817 longior
839 3734 903 3798 erit
917 3734 1015 3800 lines.
1038 3734 1138 3800 Linea
1165 3727 1244 3820 ergo

184 3920 213 3974 (v)
225 3920 268 3965 Ex.
279 3932 315 3977 gn.
332 3919 410 3965 llume
425 3917 503 3977 Essoy
519 3916 564 3965 llll
575 3941 602 3950 -
620 3915 734 3975 Galluppi
752 3916 802 3962 lez.
819 3915 950 3963 bilxlllv.
965 3915 1017 3962 Jee-
1035 3927 1133 3976 quoque
1148 3918 1243 3966 balmes

152 3992 286 4050 (Fitjond.
303 3993 345 4038 lib.
362 3992 407 4039 lll.
422 4004 444 4038 o.
460 3992 527 4039 xxl.
537 3995 596 4051 seq.)
612 3990 667 4038 licet
681 3994 828 4037 sententiam
838 3989 902 4037 hanc
921 4001 968 4036 non
979 3988 1043 4037 dicet
1052 3989 1190 4048 absurdum,
1200 4003 1244 4052 op·

149 4068 255 4128 positum
274 4073 354 4113 temen
371 4067 535 4127 amplectitur.
