2792 4600
477 247 564 295 utana
585 252 722 311 ruarmo,
745 250 837 297 carm
858 250 881 296 1.
1007 250 1027 304 ,’
1166 234 1234 297 36Τ

178 365 251 429 555.
270 367 450 429 Prorosnro
474 364 527 428 lll.
559 364 721 430 Mandane
745 385 875 447 corporo
889 365 925 428 t'rs
939 364 1138 447 certoult'qtto
1165 365 1228 427 ῑοεο

137 482 198 525 esse
213 464 381 545 incipiunt,
398 465 433 523 in
447 482 536 545 eoque
556 473 772 547 coeperunnt,
798 465 872 546 quic
900 464 978 526 os’res
992 464 1100 545 quidus
1114 463 1227 525 sollici·

137 570 245 624 tuctur
260 564 301 624 od
314 563 522 642 aequilibrium
536 564 699 627 deocoiunt
714 588 724 639 ,·
738 564 865 644 spiritns
879 554 1037 644 oaro‘qnt'c
1050 561 1227 643 corporibus

136 662 173 723 s'rs
187 662 250 724 loco
271 661 468 725 existentibus
478 662 558 741 fiunt
571 663 675 745 aliquo
686 664 775 725 modo
787 665 958 743 presentes.

178 761 259 823 Dico
277 761 311 823 in
333 760 438 841 prima
466 769 557 841 parte
586 762 747 824 mnodum
776 779 905 842 corpora
921 760 970 822 :si
987 760 1076 823 enim
1090 760 1227 825 unicum

137 860 366 931 tantummodo
389 876 509 939 corpus
534 871 679 923 creatum
703 860 830 935 luisset,
855 859 917 926 hoo
947 858 986 919 ab
1010 858 1082 939 ipso
1097 869 1227 922 creante

137 974 195 1020 sou
211 957 251 1019 ad
267 966 391 1021 motum
408 975 465 1020 seu
480 957 521 1018 ad
537 958 684 1037 quietem
700 956 914 1021 determinari
934 956 1117 1037 oportebat.

182 1053 348 1118 Mundana
367 1063 475 1117 antem
503 1072 640 1139 corpora
653 1054 686 1117 in
704 1073 738 1117 so
759 1054 898 1118 invicem
915 1061 1013 1134 agunt
1028 1053 1095 1115 sive
1118 1053 1231 1117 imme·

105 1215 108 1218 .
140 1154 228 1217 diate
256 1154 324 1217 sive
347 1153 499 1230 mediate,
525 1152 682 1235 nullaque
711 1164 759 1217 est
788 1154 931 1216 materiae
953 1153 1125 1235 particula,
1157 1173 1230 1235 quae

138 1253 252 1316 saltem
268 1252 472 1317 attractionis
495 1252 688 1316 universalis
715 1253 840 1316 viribus
868 1270 934 1316 non
962 1261 1126 1334 urgeatur.
1143 1254 1235 1318 Patet

138 1369 227 1431 ergo,
259 1369 325 1415 nou
355 1369 451 1432 posse
480 1351 587 1414 ullum
616 1369 737 1432 corpus
755 1352 931 1433 >quiescere
961 1360 1016 1415 aut
1053 1352 1086 1415 in
1119 1353 1230 1433 quiete

138 1467 282 1527 manere,
300 1450 362 1513 nisi
382 1460 462 1512 tuno
473 1467 576 1532 quum
592 1449 768 1512 attractivae
781 1451 865 1512 vires
878 1449 998 1531 quihus
1021 1449 1230 1526 sollicitatur,

137 1549 187 1612 vel
214 1547 293 1611 fiant
321 1550 463 1629 aequales
482 1559 514 1612 ot
529 1549 715 1625 contrariu,
732 1567 769 1611 ac
784 1565 819 1612 se
835 1556 949 1612 mutuo
973 1548 1109 1627 elidant,
1126 1548 1174 1610 vel
1191 1547 1235 1609 ab

136 1645 250 1727 aliqua
265 1647 328 1710 alia
343 1647 373 1709 vi
390 1646 513 1727 pariter
527 1646 644 1729 aeqnali
661 1655 693 1709 et
704 1645 869 1711 contraria
882 1645 1060 1709 elidantur.

178 1742 273 1817 Quod
296 1744 336 1806 de
352 1753 420 1808 toto
436 1762 575 1826 corpore
591 1743 745 1819 dicimus,
766 1744 910 1825 idipsum
926 1743 967 1806 de
996 1742 1136 1824 singulis
1159 1760 1232 1806 cor-

137 1844 229 1924 poris
247 1843 396 1924 partibus
412 1841 591 1907 dicendum
607 1854 667 1933 εει.
687 1842 765 1907 ldeo
781 1861 900 1923 nempe
917 1861 981 1906 una
994 1861 1068 1924 pars
1080 1842 1229 1923 corporis

135 1951 185 2005 est
201 1942 237 2004 in
254 1960 318 2005 una
332 1941 396 2005 loci
412 1951 516 2023 parte,
534 1953 564 2005 ει
580 1929 682 2006 altera
696 1943 730 2004 in
752 1942 863 2020 altera,
878 1943 955 2024 quia
970 1942 1091 2005 virium
1106 1940 1236 2023 aequili-
1261 1968 1263 1972 ·

19 2013 20 2078 ι
115 2092 120 2096 .
138 2041 252 2103 brium
270 2041 354 2103 hanc
370 2050 402 2104 et
416 2059 483 2107 nou
500 2041 597 2104 aliam
612 2042 653 2104 iis
666 2042 918 2106 collocationem
934 2042 1035 2105 dedit.

177 2136 194 2166 *
209 2138 283 2203 354.
299 2142 340 2204 Αι
356 2140 503 2219 spiritus,
518 2141 575 2221 qui
592 2140 717 2203 viribus
729 2140 897 2221 corporeis
908 2156 975 2203 non
991 2147 1160 2221 urgentur,
1177 2156 1238 2220 per

19 2219 37 2228 '⁴
138 2236 198 2301 has
213 2238 299 2301 vires
312 2238 422 2303 locum
440 2258 505 2304 non
521 2249 660 2318 mutant,
683 2258 744 2304 nec
761 2258 820 2322 per
832 2257 943 2302 earum
957 2239 1182 2320 aequilibrium
1199 2238 1235 2301 in

137 2338 396 2418 locoquicscunt
412 2339 527 2402 saltem
544 2357 664 2420 perse.
682 2337 783 2419 igitur
796 2356 833 2402 ex
846 2357 885 2401 eo
900 2339 1007 2401 solum
1024 2338 1058 2400 in
1075 2337 1148 2401 loco
1163 2354 1249 2401 esse·

139 2435 318 2516 iucipiunt,
336 2437 424 2516 quod
441 2437 491 2499 vel
508 2422 608 2518 agunt
631 2436 665 2498 in
683 2436 795 2517 aliquo
811 2454 961 2517 corpore,
979 2437 1027 2498 vel
1045 2434 1144 2497 alicui
1161 2452 1237 2498 cor·

52 2536 56 2545 ’
140 2535 212 2614 pori
230 2535 366 2616 physice
381 2534 641 2618 conjunguntur,
659 2535 707 2597 vel
723 2534 879 2617 quopiam
895 2534 1088 2610 ullomodo,
1115 2536 1141 2597 si
1158 2533 1235 2615 quis

140 2641 188 2697 est
206 2634 302 2709 alius,
317 2634 400 2712 finnt
415 2634 548 2717 corpori
562 2628 737 2716 praesentes
748 2633 927 2698 secundum
944 2634 1171 2697 substantiam.
1188 2633 1235 2697 lta

19 2726 20 2733 '
51 2748 61 2768 ·
142 2751 171 2796 v.
186 2734 384 2815 gnaugelus
401 2735 434 2797 in
462 2735 536 2798 loco
563 2744 621 2810 εει,
640 2734 718 2816 qnia
742 2733 808 2814 agit
830 2734 864 2796 in
894 2751 1044 2815 corpore,
1067 2743 1099 2795 ει
1124 2733 1235 2795 anima

142 2832 319 2908 rationalis,
338 2833 414 2912 quia
430 2833 564 2915 physice
579 2833 711 2914 corpori
727 2832 954 2913 conjungitur.

181 2932 280 2996 *son
308 2932 487 2996 Phoroslrro
503 2932 556 2996 lV.
588 2930 685 2994 Omns
707 2950 815 3014 corpus
829 2937 870 2995 est
886 2950 940 3011 per
968 2950 998 2992 se
1019 2931 1053 2993 in
1076 2932 1152 3006 loco,
1168 2931 1232 2994 sol-

140 3037 200 3092 tom
213 3030 308 3093 ideali
323 3053 333 3094 .·
349 3032 477 3112 spiritns
491 3037 593 3092 cutem
615 3040 688 3092 suot
709 3030 745 3092 io
760 3030 824 3092 loco
840 3048 904 3092 ooo
921 3048 978 3110 per
991 3048 1032 3106 se,
1048 3031 1100 3093 sed
1111 3049 1165 3112 per
1179 3049 1234 3092 cc·

140 3127 254 3193 onos.
1188 3149 1191 3153 ’

182 3229 287 3294 Omne
299 3227 387 3289 onim
404 3245 524 3309 corpus
536 3236 705 3290 extensum
719 3236 779 3301 εει,
804 3234 835 3289 ει
850 3244 923 3307 pars
939 3226 1036 3289 seriei
1053 3226 1141 3289 illius
1160 3245 1234 3308 quae

141 3325 284 3407 spatium
315 3325 488 3408 physicum
518 3327 689 3390 constituit
723 3325 819 3404 (555).
857 3326 941 3406 Ergo
977 3325 1104 3407 physici
1134 3325 1232 3406 spatii

143 3433 270 3505 partem
291 3442 350 3506 per
369 3443 403 3487 se
418 3437 556 3505 occupat
573 3443 582 3502 ;
606 3423 814 3507 proindeque
831 3443 888 3506 per
904 3443 937 3486 se
953 3433 1000 3486 est
1016 3424 1050 3486 in
1063 3423 1136 3487 loco
1152 3422 1233 3486 reali

140 3523 238 3602 (543).

182 3620 319 3694 Quodsi
345 3620 480 3684 unicum
497 3638 615 3703 corpus
637 3622 803 3698 existeret,
826 3620 890 3683 hoc
912 3620 1059 3702 quamvis
1076 3621 1111 3683 in
1126 3620 1232 3701 spatio

142 3721 222 3785 reali
240 3739 305 3785 nou
326 3729 423 3797 esset,
444 3721 665 3784 nihilominus
691 3720 881 3782 extensione
902 3739 959 3789 sua
975 3720 1118 3801 aliquam
1135 3719 1233 3801 spatii

142 3819 310 3901 possibilis
326 3838 383 3883 seu
400 3818 516 3883 idealis
531 3827 656 3900 partem
669 3819 867 3900 adaquaret.
884 3818 947 3882 Per
960 3821 1021 3882 hoc
1034 3819 1135 3900 igitur
1149 3826 1236 3885 esset

143 3920 327 3983 necessario
359 3919 393 3980 in
423 3919 496 3982 loco
527 3916 637 3983 ideali.
667 3917 745 3981 Essa
771 3917 918 3980 enimin
946 3919 1019 3982 loco
1049 3917 1148 3982 ideali
1161 3926 1235 3981 tan·
