2792 4600
392 195 412 227 2

215 309 275 371 tut
667 324 838 369 onrotocta.
895 297 901 304 “

254 437 326 503 Nou
343 458 412 502 esse
427 446 535 502 autem
545 438 787 501 ‘admittendam
802 438 836 499 in
852 437 950 500 rebus
966 437 1083 501 creatis
1095 438 1226 519 probari
1242 457 1300 521 pu·

214 547 275 601 test
284 539 514 618 l⁰argumeut0
525 539 743 601 allatocontra
756 537 927 599 formalem
936 537 1181 600 distinctionem
1191 539 1300 620 primo

215 635 385 713 localitati,
405 639 456 714 1⁰).

177 776 182 785 ·
255 734 327 800 tlt.
344 737 377 798 2⁰
393 736 700 817 Repugnataliquid
718 754 787 797 essa
813 735 956 797 simulet
975 753 1040 797 nou
1056 754 1138 810 esse,
1157 754 1222 798 non
1246 753 1302 799 so·
1366 750 1367 753 ’

214 835 283 897 lum
300 836 459 907 absolute,
477 837 531 897 sed
548 837 645 896 etiarn
658 834 791 896 relative
808 835 881 912 (5⁹2).
899 834 961 898 Sed
974 835 1001 895 si
1018 834 1166 898 virtualis
1182 835 1303 897 distin·

214 933 280 996 ctio
296 935 485 1013 recipiatur,
504 935 567 994 hoc
584 932 729 1013 prolecto
745 932 935 1012 contingere
965 932 1140 995 dicendum
1167 934 1241 997 erit.
1256 932 1302 995 ua

215 1032 304 1093 enim
321 1032 532 1094 distinctione
548 1042 686 1111 recepta,
704 1032 753 1092 liae
771 1031 1015 1111 propositiones
1030 1051 1059 1093 v.
1078 1050 1126 1111 gr.
1139 1041 1301 1114 tanquam

216 1149 298 1192 verae
310 1144 426 1210 aparte
443 1130 489 1191 rei
506 1142 537 1190 et
553 1128 1061 1208 citraintellectusoperationem
1075 1129 1301 1210 recipiuntur:

215 1231 346 1292 Animal
371 1230 504 1290 nominis
519 1236 560 1289 est
574 1229 739 1289 secandam
767 1246 829 1289 rem
843 1228 922 1288 idem
951 1246 987 1287 ac
1000 1228 1154 1289 rationale
1167 1263 1208 1274 -
1223 1229 1305 1290 Ani·

216 1328 279 1389 incl
294 1327 427 1388 dominis
442 1335 484 1388 est
507 1334 627 1405 aparte
641 1326 686 1385 rei
710 1324 900 1404 principiam
925 1325 1125 1387 sentiendi-
1144 1326 1305 1388 Rationale
1368 1348 1369 1381 t

216 1445 279 1487 nan
294 1435 336 1487 est
351 1434 471 1506 aparte
491 1426 538 1485 rei
561 1424 753 1504 principiam
777 1424 936 1486 sentiendi.
955 1421 1038 1494 Quid
1064 1423 1131 1504 jam
1147 1424 1307 1506 importat

189 1549 193 1557 ⁴
216 1525 390 1601 haectertia
406 1523 606 1604 propositio?
621 1522 770 1584 Proiecto
783 1522 941 1584 rationale
953 1522 1123 1602 objectiva
1140 1531 1305 1598 actu,rea-

217 1623 462 1701 litardistingui
489 1621 690 1701 aprincipio
713 1620 888 1683 sentiendi.
906 1620 1013 1684 Unum
1037 1620 1126 1683 enirn
1148 1639 1216 1684 non
1231 1641 1305 1685 esse
1369 1652 1370 1675 t

216 1720 305 1783 aliud
322 1721 499 1802 etquidem
515 1739 533 1781 a
550 1730 638 1798 parte
655 1720 702 1781 rei
721 1721 782 1783 hoc
795 1719 924 1781 tandem
938 1719 1099 1799 significat
1116 1736 1123 1782 :
1143 1738 1245 1781 unum
1262 1719 1304 1782 ab
1369 1706 1370 1709 ¹

217 1820 282 1883 alio
298 1820 455 1899 objective
471 1820 641 1900 distingui.
653 1820 714 1882 Sed
732 1840 769 1881 ex
787 1819 892 1899 prima
905 1819 1131 1899 propositione
1146 1819 1305 1884 rationale

218 1938 283 1982 non
301 1920 515 2000 distinguitur
530 1921 688 1998 obJective
704 1920 744 1981 ab
759 1919 905 1989 animali,
924 1927 953 1980 et
970 1937 1008 1980 ex
1024 1919 1166 1981 secunda
1178 1918 1303 1981 animal

143 2006 152 2022 ’
218 2036 282 2080 non
300 2018 515 2097 distinguitur
528 2020 685 2098 objective
700 2037 717 2079 a
735 2018 900 2099 principio
916 2017 1183 2098 sentiendillrgo
1196 2017 1222 2080 si
1237 2025 1303 2081 tres
1370 2098 1371 2101 Ἴ

217 2119 286 2179 istae
302 2119 544 2198 propositiones
564 2118 786 2193 admittantur,
807 2117 1056 2180 concedendum
1079 2126 1127 2180 est
1142 2116 1305 2181 rationale
1366 2104 1371 2127 ⁴

216 2213 374 2294 objectiva
407 2215 566 2295 distingui
602 2215 766 2277 simulac
803 2234 869 2279 non
898 2214 1056 2295 distingui
1094 2215 1304 2296 aprincipio

216 2314 392 2377 sentiendi.
1239 2341 1245 2352 ·
1371 2303 1372 2328 l

256 2413 328 2475 tto.
352 2412 521 2495 Objiciunt
550 2414 641 2500 ill-ico
667 2414 777 2474 divina
807 2416 970 2493 mysteria.
998 2414 1145 2479 Essentia
1174 2413 1300 2489 divina,

215 2512 384 2591 inquiunt,
398 2513 661 2574 communicatur
671 2511 778 2574 Verbo
791 2512 986 2592 :paternitas
1007 2512 1117 2574 divina
1130 2530 1195 2574 non
1211 2530 1306 2575 oom-

217 2613 414 2674 municatur.
432 2609 471 2672 Et
483 2609 704 2672 nihilominus
720 2611 897 2689 paternitas
913 2619 960 2673 ast
975 2611 1115 2673 essentia
1128 2610 1251 2673 divina.

257 2707 395 2772 Omissis
410 2708 534 2769 caeteris
550 2708 735 2788 respondeo
751 2708 876 2769 nullam
889 2726 959 2770 esse
971 2708 1154 2789 paritatem.
1172 2709 1306 2773 Etenim

215 2806 478 2869 essentiadivina
504 2806 689 2868 communis
706 2814 753 2867 est
780 2805 931 2885 pluribus
958 2805 1089 2868 realiter
1116 2805 1303 2883 distinctis;

215 2904 373 2984 adeoque,
388 2911 423 2965 ut
444 2903 588 2983 theologi
620 2903 812 2982 loquuntur,
831 2903 1076 2982 distinguitura
1106 2904 1306 2985 paternitate

216 3002 430 3065 distinctione
445 3002 524 3063 reali
539 3002 687 3064 intentio.
705 3000 744 3063 At
757 3002 790 3063 in
803 3002 901 3063 rebus
917 3001 1034 3063 creatis
1050 3002 1217 3066 distinctio
1232 3004 1305 3066 haec

215 3120 282 3166 uon
304 3100 486 3162 admittitur
516 3101 556 3162 ab
586 3099 789 3174 adversariis,
808 3099 875 3162 imo
903 3100 1124 3162 communiter
1145 3101 1180 3162 in
1203 3086 1307 3165 rebus

160 3245 163 3250 -
215 3200 317 3263 finitis
330 3218 512 3281 repugnare
528 3199 741 3261 existimatur.
756 3198 883 3262 idcirco
899 3208 963 3260 tres
980 3198 1045 3260 illae
1061 3199 1101 3260 de
1118 3208 1233 3261 natura
1250 3200 1306 3262 di·

214 3301 288 3362 vina
305 3300 547 3380 propositiones
575 3299 698 3363 nullam
714 3296 884 3360 continent
909 3295 1201 3360 contradictionem
1220 3314 1227 3361 :
1243 3297 1307 3359 sed

214 3416 281 3462 nou
298 3399 341 3459 ita
358 3396 601 3477 propositiones
615 3396 718 3457 allatae
734 3395 768 3457 in
781 3403 986 3475 argumento.

256 3494 327 3558 ild.
345 3496 377 3556 5⁰
394 3498 530 3558 Demum
546 3493 692 3555 virtualis
708 3493 997 3556 isthaecdistinctio
1008 3496 1038 3573 a)
1055 3494 1220 3556 ratiocinii
1233 3494 1307 3557 vim

214 3602 356 3666 enervat,
366 3602 398 3655 et
409 3592 588 3672 syllogismi
603 3593 740 3654 lormam
759 3591 854 3672 plane
870 3592 1019 3654 destruit.
1030 3591 1114 3664 Quid
1128 3593 1218 3655 enim
1234 3594 1307 3656 evi·

214 3693 358 3768 dontius,
377 3708 474 3771 quam
489 3691 724 3771 consequentia
741 3689 774 3751 iu
792 3690 967 3753 ratiocinio
980 3691 1042 3754 isto
1056 3688 1172 3755 :Omne
1179 3691 1308 3755 animal

213 3800 257 3853 est
279 3789 471 3870 principiam
497 3790 655 3852 sentiendi.
673 3790 812 3870 Aliquod
835 3790 989 3851 rationale
1006 3797 1051 3852 att
1071 3783 1202 3852 animil.
1216 3788 1310 3871 Erga

172 3909 179 3922 ⁴
214 3889 339 3970 aliquod
367 3888 518 3950 rationale
532 3896 574 3950 cst
599 3889 793 3971 principiam
820 3888 990 3951 sentiendi?
1004 3888 1125 3951 Tamen
1152 3888 1311 3950 virtualis

216 3986 440 4050 distinctionis
456 3995 641 4063 sectatores,
655 4005 810 4051 concessa
825 3988 948 4066 majore
963 4005 1000 4050 ac
1029 3988 1170 4064 minore,
1183 4004 1308 4051 conse·
