2792 4600
10 2583 15 2593 ι
118 2511 307 2591 reetangulu

465 407 550 450 tinne
573 405 693 462 rerum,
718 407 809 451 meur
832 409 865 452 11.
1166 391 1208 453 25

120 538 153 611 in
181 538 359 614 flammam,
377 538 603 618 rectongulum
618 537 652 599 in
669 536 883 618 triangulum,
899 555 983 619 aqua
1004 538 1203 617 inglaeiem.

66 702 71 711 ,
161 637 357 718 Respondeo
373 638 522 717 negando
539 639 571 700 in
597 637 648 699 bis
664 638 820 702 omnibus
835 640 1073 703 mutationibus
1087 639 1206 702 mutari

119 738 292 818 essentias;
305 739 427 801 etenim
450 737 660 805 solummodo
686 739 836 818 quaedam
852 740 1003 801 essentiae
1024 740 1206 819 singulares

119 846 247 902 cessant
271 838 421 913 existere,
442 836 580 917 aliaeque
607 835 675 899 illis
701 837 892 912 succedunt,
920 856 993 918 quae
1019 838 1112 918 prius
1138 856 1206 903 non

120 936 314 1000 existebant.

159 1032 251 1107 Quod
268 1042 305 1096 ut
329 1032 446 1097 melius
473 1031 649 1127 inteiligas,
666 1031 796 1094 adverte
821 1032 1018 1094 mutationes
1044 1032 1131 1108 illas,
1147 1051 1207 1113 per

119 1149 200 1213 quas
215 1149 390 1203 unamrem
408 1130 441 1192 in
452 1129 550 1192 aliam
562 1128 1051 1203 transiissedicimus,accidere
1063 1137 1206 1193 tantum·

120 1230 219 1294 modo
246 1231 280 1292 in
304 1229 508 1310 compositis,
527 1245 669 1309 quorum
697 1228 837 1290 essentia
853 1247 891 1290 ex
916 1229 1206 1292 determinatarum

120 1329 261 1407 partium
278 1310 664 1408 conjunctione‘constat.
683 1323 790 1396 Quum
816 1325 915 1405 igitur
933 1327 1002 1388 haec
1017 1328 1207 1407 conjunctio

120 1424 321 1501 dissolvitur,
332 1425 506 1506 compositi
518 1424 657 1487 essentia
667 1423 811 1486 totaliter
819 1435 921 1486 cessat
936 1425 1084 1501 existere,
1095 1444 1206 1488 acres·

119 1535 186 1587 tant
198 1526 429 1606 componentia
439 1542 447 1599 ;
457 1543 530 1605 quae
542 1524 590 1586 vel
599 1534 746 1604 separata
757 1533 902 1597 manent,
912 1532 943 1585 et
955 1542 1045 1587 suam
1058 1525 1205 1605 singilla-

118 1621 178 1684 tim
196 1621 779 1702 habentessentiamarotiusessentia
793 1620 953 1682 diversam
964 1622 1030 1697 ;rel
1047 1622 1205 1685 cumaliis

119 1722 307 1785 coalescunt
332 1721 514 1795 elementis,
533 1728 563 1783 et
579 1721 626 1781 sic
641 1737 758 1782 novam
774 1729 847 1781 actu
862 1721 1069 1783 constituunt
1094 1740 1204 1784 essen·

118 1821 209 1884 tiam.
228 1820 263 1882 ln
282 1819 345 1882 boc
360 1837 436 1882 casu
462 1818 683 1899 compositum
699 1816 901 1898 primitivum
918 1819 953 1879 in
968 1819 1057 1880 aliud
1084 1819 1204 1882 mutari

119 1917 272 1993 dicimus,
282 1936 349 1981 non
361 1916 449 1998 quod
464 1917 534 1997 ejus
547 1916 723 1996 compositi
736 1915 877 1978 essentia
892 1923 1047 1994 mutetur,
1057 1918 1113 1980 sed
1126 1919 1205 1999 qnia

120 2017 270 2098 quaedam
286 2017 337 2079 sul
363 2017 524 2080 elementa
549 2016 683 2077 alterius
699 2015 873 2097 compositi
902 2024 1008 2097 partes
1023 2017 1117 2081 liunt.
1135 2019 1205 2080 Huc

119 2124 242 2197 spectat
255 2115 392 2178 mutatio
404 2113 650 2177 combustibilis
665 2114 700 2175 in
717 2112 893 2177 flammam.

159 2214 256 2278 Fiunt
273 2231 405 2294 quoque
433 2212 631 2275 mutationes
659 2210 912 2291 incompositis
938 2209 1139 2272 detractione
1153 2211 1204 2274 vel

118 2313 287 2377 additione
296 2313 438 2393 partium
451 2312 697 2393 integrantium,
708 2319 854 2391 utquum
864 2311 1090 2390 reetangulum
1103 2320 1206 2376 muta·

104 2421 171 2475 'tur
187 2412 221 2474 in
237 2412 321 2474 trian
346 2412 438 2474 ulum
454 2421 487 2473 et
501 2429 519 2473 e
534 2428 692 2473 converso
706 2428 714 2475 :
730 2410 765 2472 in
781 2411 845 2471 boc
859 2427 992 2489 quoque
1010 2427 1086 2471 casn
1101 2417 1205 2471 cessat

311 2430 355 2584 ig,
373 2510 428 2572 sed
446 2510 586 2573 essentia
601 2509 775 2590 utriusque
796 2525 926 2587 semper
941 2508 1054 2570 eadem
1081 2518 1202 2571 manet.

157 2612 327 2673 Postremo
339 2608 422 2671 fiunt
433 2608 631 2671 mutationes
640 2608 739 2670 unius
752 2608 797 2669 rei
809 2607 843 2669 in
855 2606 953 2668 aliam
966 2615 1087 2668 mutata
1095 2607 1204 2670 solum

117 2708 243 2772 ratione
259 2705 502 2787 coniunctionis
519 2707 605 2768 inter
620 2706 734 2768 eadem
751 2706 911 2768 elementa
926 2722 933 2768 :
951 2713 986 2767 ut
1001 2723 1103 2786 quum
1119 2723 1203 2786 aqua
1221 2715 1223 2724 ’

116 2814 260 2868 mutatur
286 2806 319 2867 in
336 2805 492 2885 glaciem;
509 2814 588 2867 tunc
602 2805 692 2866 enim
707 2811 810 2866 cessat
838 2805 943 2885 prima
958 2802 1203 2882 conjunctionis

115 2904 211 2978 ratio,
229 2911 325 2983 atque
340 2902 456 2983 incipit
469 2902 624 2965 secunda.

157 3003 209 3066 bb.
233 3000 414 3066 Pnurosrrro
429 3001 466 3064 V.
483 2998 628 3063 desentire
639 3008 712 3061 suot
722 3008 851 3062 otone.

58 3180 66 3188 ἢ
157 3100 315 3163 Videlicet
341 3099 376 3162 in
403 3106 487 3162 statu
513 3091 807 3180 intelligibilitatis,
829 3114 896 3159 non
921 3114 998 3160 vero
1025 3097 1203 3159 existentiae

115 3200 162 3279 (L.
178 3199 250 3271 296,
266 3197 350 3278 stt).
368 3197 449 3270 Quia
471 3215 590 3278 nempe
605 3210 702 3259 certae
716 3215 754 3259 ac
769 3195 992 3259 determinatae
1008 3198 1055 3258 rei
1083 3198 1205 3259 cousti-

115 3299 215 3363 tutiva
232 3300 300 3361 baec
311 3315 382 3361 esse
396 3306 428 3359 et
442 3315 510 3361 non
526 3296 601 3371 alia,
614 3313 681 3358 non
696 3294 982 3376 aliquandocoepit
993 3313 1063 3358 esse
1074 3313 1201 3371 verum,

115 3397 172 3460 sed
188 3412 318 3475 semper
331 3412 443 3456 verum
460 3394 532 3469 luit,
551 3411 588 3455 ac
603 3392 788 3455 necessario
804 3409 916 3453 verum
932 3399 991 3454 est.
1005 3391 1203 3472 lntelligibi·

114 3494 188 3557 litas
204 3493 338 3574 insuper
353 3501 503 3553 resumet
519 3490 722 3572 possibilitas
732 3491 841 3552 nonin
855 3498 1002 3569 tempore
1013 3508 1084 3552 esse
1095 3509 1203 3572 ooepe-

114 3601 203 3667 runt,
219 3591 274 3653 sed
291 3599 365 3651 ante
388 3606 486 3652 omne
513 3598 641 3668 tempus
657 3588 822 3668 objectum
847 3587 1067 3649 necessarium
1083 3589 1204 3651 divinae

113 3687 340 3770 intelligentiae
358 3686 530 3761 exstitere,
550 3685 581 3746 id
599 3684 686 3766 quod
705 3684 823 3747 melius
848 3702 886 3745 ex
901 3683 1052 3764 dicendis
1078 3685 1202 3749 intelli·

115 3797 219 3870 getur.

154 3885 206 3948 tlt.
231 3883 320 3947 Binse
335 3869 512 3963 supersunt
537 3880 735 3943 assertiones
751 3879 951 3961 explicandae
967 3882 1077 3961 potius
1103 3900 1202 3963 quam

139 3982 308 4046 robaodae.

111 4002 136 4064 p
157 4082 188 4143 1⁰
209 4080 356 4146 umbrie
379 4045 451 4141 suot
476 4079 662 4142 mcesrorie.
680 4077 803 4159 Nempe
820 4079 863 4141 <1⁰
883 4078 1068 4141 necessario
1095 4080 1201 4160 possi·
