2792 4600
432 302 434 305 ’
467 320 554 365 nrnnu
575 318 719 376 ouanrm,
742 319 833 366 curor
855 319 877 366 1.
1168 299 1229 363 391

136 450 215 494 vero
230 431 315 493 nihil
333 432 440 513 reipsa
455 433 498 494 sit
513 433 548 494 in
560 450 670 494 rerum
687 442 802 494 natura
815 431 932 494 inutile
944 440 1000 493 aut
1012 430 1228 513 superfluum,

137 528 174 590 id
189 528 294 592 obviae
309 531 563 607 observationes,
583 531 752 611 multoque
769 530 872 610 magis
893 531 1104 610 physicorum
1119 529 1228 593 studia
1286 556 1288 561 ’

135 628 335 702 ostendunt;
353 646 370 692 a
387 627 489 709 priori
504 646 579 691 vero
596 628 691 691 facile
708 629 852 709 idipsum
869 627 1111 694 demonstratur
1123 647 1161 691 ex
1178 628 1228 689 di·

136 728 222 789 vinae
237 728 406 808 sapientiae
419 735 591 809 conceptu.
606 725 674 798 Qua
690 727 731 789 de
747 746 782 789 re
793 726 887 788 alibi.

180 823 325 889 Secundo
351 843 418 888 non
434 824 615 906 incongrue
629 824 850 905 appellabitur
866 825 917 886 lex
942 824 1034 888 medii
1054 824 1229 898 notorum

135 932 236 1004 atque
257 926 301 987 ita
315 924 481 987 enuntiari
497 933 604 1005 potest
622 942 630 987 2
649 924 725 1003 Qun
745 924 896 986 mediante
919 923 1094 1004 operatione
1118 941 1228 988 courc-

134 1042 209 1088 rum
241 1025 443 1087 secundarum
471 1024 539 1104 fieri
563 1023 808 1103 pereuntibus
834 1017 1007 1087 impretiata
1032 1042 1096 1108 'suc
1124 1042 1230 1104 opero-

133 1122 220 1184 tioue
234 1141 299 1184 noc
312 1121 401 1202 fecit.
418 1125 463 1188 Da
476 1123 547 1203 lege
564 1123 625 1188 bac
638 1122 791 1203 superius
805 1122 905 1186 locuti
923 1131 1036 1186 sumus
1052 1120 1146 1201 (506),
1162 1140 1228 1202 quo

137 1221 175 1282 in
192 1221 263 1285 loco
278 1221 349 1301 ejus
365 1239 498 1302 quoque
514 1220 726 1283 fundamenta
741 1221 921 1301 attigimus.

180 1316 195 1345 *
210 1318 283 1380 ttt.
304 1318 409 1382 Tertio
423 1327 471 1381 est
488 1318 537 1381 lex
551 1319 779 1394 continuitatis,
796 1337 869 1398 que
885 1336 903 1380 a
919 1317 1074 1400 Dionysio
1091 1318 1144 1380 his
1159 1335 1229 1380 ver-

135 1414 190 1479 bis
202 1418 269 1496 jam
286 1419 390 1480 luerat
404 1435 555 1497 expressa
572 1434 772 1498 :supremum
795 1416 953 1496 inferioris
968 1425 1089 1479 nature
1103 1418 1230 1497 attinuit

133 1515 281 1594 infimum
295 1517 464 1596 superioris
479 1518 529 1593 (t).
546 1514 610 1577 Sed
633 1514 939 1596 apnd‘recentiores
965 1516 1016 1578 lex
1043 1516 1112 1576 baec
1133 1524 1227 1580 snam

134 1614 362 1678 celebritatem
376 1614 557 1677 Leibnitzio
572 1611 681 1690 debet;
694 1632 712 1675 a
729 1614 858 1695 quo-sic
873 1613 1090 1694 exprimitur:
1104 1607 1228 1678 Natura

134 1728 301 1794 nunquam
314 1713 413 1775 soltus
426 1710 502 1791 fucit
517 1714 566 1791 (a).
583 1710 747 1778 Noudion
763 1729 877 1776 omnes
893 1710 973 1791 lepis
996 1711 1095 1793 hujus
1120 1713 1223 1792 appli-

135 1811 284 1873 cationes
300 1830 318 1873 a
333 1810 514 1873 leibnitzio
531 1810 641 1884 lactas,
659 1827 748 1872 veras
766 1829 848 1886 esse,
866 1811 922 1872 sad
938 1819 1025 1873 certe
1041 1812 1151 1891 negari
1168 1828 1226 1878 ue·

135 1910 222 1991 quit,
241 1910 325 1972 nibil
339 1909 465 1972 cautius
477 1908 597 1971 evitare
609 1916 771 1984 naturam,
788 1926 885 1988 quam
897 1909 1055 1989 abruptos
1070 1908 1227 1972 transitus

136 2007 180 2069 ab
200 2027 268 2071 uno
295 2017 439 2071 extremo
468 2008 509 2071 ad
539 2008 694 2085 alterum;
723 2008 822 2089 idque
852 2007 1061 2071 manifestum
1080 2017 1128 2072 est
1144 2010 1175 2070 l·
1191 2007 1226 2071 in

135 2124 317 2186 corporum
333 2106 575 2189 compositione
590 2115 620 2170 et
636 2105 850 2178 formationa;
873 2125 947 2169 nam
974 2125 1113 2189 corpora
1134 2115 1166 2169 et
1187 2125 1228 2170 ex

136 2205 289 2268 minimis
303 2214 454 2270 constant
480 2205 663 2279 elementis,
680 2213 712 2267 et
738 2207 824 2270 lento
840 2224 993 2287 processu
1009 2206 1226 2287 effinguntur;

135 2313 172 2367 ut
188 2315 274 2386 patet
293 2307 326 2367 in
342 2306 568 2388 crystallorum
585 2303 794 2380 formatione,
809 2314 840 2367 et
852 2305 1082 2386 praesertim'in
1099 2305 1224 2386 planta-

135 2420 210 2466 rum
227 2415 258 2466 et
270 2404 488 2467 animantium
500 2403 609 2484 genesi
626 2419 634 2467 :
652 2403 685 2464 2⁰
700 2403 733 2471 in
751 2403 938 2469 actionibus
949 2412 980 2467 et
991 2403 1136 2471 motibus
1151 2420 1226 2466 cor-

135 2518 276 2581 purum;
294 2521 352 2584 per
366 2501 485 2581 gradus
500 2501 588 2563 enim
605 2500 671 2563 lere
697 2499 908 2565 insensibiles
937 2519 974 2567 ac
1004 2519 1063 2582 per
1089 2502 1226 2569 minima

137 2600 339 2675 incrementa
347 2601 396 2663 vel
409 2601 625 2674 decrementa,
643 2598 683 2661 ab
700 2618 766 2661 uno
779 2610 923 2662 extremo
938 2600 1004 2662 itur
1016 2601 1051 2662 in
1064 2602 1222 2664 alterum:

136 2707 172 2761 ut
186 2699 281 2762 obvia
298 2699 438 2781 probant
453 2698 702 2780 exempla25⁰in
716 2699 801 2762 scala
814 2700 1015 2781 specierum;
1030 2719 1101 2780 quac
1117 2717 1220 2780 quan·

134 2815 236 2877 qnam
253 2799 327 2879 plus
343 2799 491 2861 minusve
506 2797 667 2875 differant,
682 2798 799 2879 inipso
815 2807 922 2861 tamen
939 2800 1089 2862 varietate
1103 2797 1223 2877 gradus

136 2896 297 2975 quosdam
313 2895 574 2976 continuumque
586 2913 797 2976 progressum
811 2906 950 2963 servant.
969 2897 1005 2961 ln
1022 2913 1088 2976 quo
1103 2905 1223 2969 tamen,

136 3005 172 3056 nt
191 2995 322 3057 errandi
351 2996 480 3059 occasio
512 2993 744 3076 praecludatur,
763 2996 824 3057 tria
850 2996 917 3057 haec
943 2995 1058 3059 sedulo
1082 2994 1225 3057 notanda

136 3105 224 3156 sunt.

176 3195 191 3224 *
206 3196 280 3260 412.
298 3196 329 3258 l⁰
345 3198 419 3260 llaec
433 3215 507 3278 quae
521 3196 676 3271 dicimus,
694 3196 887 3277 longissime
908 3195 1019 3258 abesse
1035 3214 1053 3257 a
1072 3195 1151 3261 lalsa
1167 3195 1225 3259 illa

135 3302 169 3355 et
183 3292 325 3355 absurda
340 3295 511 3358 atbeorunr
527 3312 564 3356 ac
579 3294 838 3374 pantheistarum
856 3292 1027 3374 hypothesi
1047 3311 1226 3375 propraetor

135 3391 308 3469 necessarii,
326 3411 392 3473 quo
407 3411 472 3456 una
483 3411 593 3456 rerum
606 3393 732 3474 species
745 3393 778 3468 in
791 3393 925 3454 alteram
938 3392 1045 3472 reipsa
1057 3392 1225 3456 transiisse

135 3490 269 3566 dicitnr,
283 3502 319 3554 ut
334 3491 520 3555 innaturali
538 3491 677 3554 historia
692 3490 862 3554 contendit
876 3490 1096 3554 Lamarckius.
1113 3491 1223 3554 Conti-

137 3591 272 3653 nuitatis
298 3591 386 3652 enim
417 3591 468 3653 lex
491 3608 557 3654 non
581 3591 615 3652 in
641 3591 831 3653 necessitate
858 3590 1013 3666 materias,
1031 3591 1225 3653 autunitate

135 3688 339 3765 substantie,
355 3690 412 3752 sed
433 3690 466 3752 in
485 3690 645 3772 sapientia
671 3708 708 3751 ac
734 3690 883 3752 libertate
905 3689 1087 3752 conditoris
1107 3688 1223 3751 funda·
1262 3702 1268 3714 ·
1382 3722 1384 3779 3

138 3795 283 3851 mentum
302 3788 410 3854 babet.
1381 3792 1384 3815 ¹

165 3933 197 3988 (lt
213 3936 246 3981 lle
256 3935 304 3981 dtu.
315 3947 379 3980 nom.
387 3947 409 3982 c.
420 3935 472 3983 llll.

163 4009 193 4065 (ὴ
209 4008 246 4056 ct.
260 4024 280 4055 v.
292 4023 327 4068 gr.
339 4009 452 4068 opuscul
464 4008 549 4055 titulus
562 4024 569 4057 ι
580 4009 671 4057 Nourct
687 4008 758 4055 Esset
773 4006 1022 4056 confluentinum.
1034 4011 1225 4070 strant-propos.
