2792 4600
162 329 223 392 tte
593 341 786 388 cosuoconn.

90 448 96 464 ²
161 459 299 523 occultis
315 459 418 521 fiunt:
444 457 594 539 nihiiquc
616 468 660 518 est
691 457 725 518 in
753 457 794 519 iis
820 456 907 537 quod
936 437 1252 522 divinamvirtutem

163 559 296 639 speciali
313 557 453 638 quadam
470 556 598 619 ratione
613 567 645 617 et
667 556 856 640 immediate
878 563 1067 644 operantem
1086 556 1254 637 requirat3

164 658 196 718 id
213 658 303 738 quod
320 656 487 736 communi
505 655 679 718 bominum
695 652 805 717 sensui
823 654 1023 718 contrarium
1035 662 1094 717 est.

204 753 379 834 Perperam
407 753 506 834 igitur
530 753 699 816 communi
723 751 764 813 de
787 751 956 815 miraculis
979 752 1127 827 theoriae,
1154 770 1254 834 quam
1355 765 1356 828 ξ

163 872 262 935 supra
287 871 362 916 cum
387 872 413 915 s.
431 852 557 915 Thomu
586 851 810 933 exposuimus,
840 868 921 913 nova
946 851 1016 914 haec
1041 852 1256 934 opinamenta

164 952 296 1016 suffecta
322 962 424 1029 suut;
449 952 629 1033 praesertim
646 969 721 1013 eum
741 951 832 1014 uuile
856 952 898 1012 sit
920 969 1035 1013 eorum
1052 951 1228 1014 necessitas
1246 969 1256 1025 ς

164 1053 242 1134 quia
271 1053 428 1115 miracula
453 1053 542 1131 juxte
565 1068 776 1113 communem
806 1050 1001 1114 sententiam
1027 1060 1260 1132 acceptarunt

164 1151 330 1213 evidenter
345 1148 528 1232 possibilia,
547 1155 582 1211 ut
597 1148 697 1242 modo
713 1147 936 1211 ostendemus.

597 1300 763 1347 turrentes
785 1301 814 1345 v.

464 1416 507 1477 lic
522 1415 745 1478 miraculorum
754 1415 965 1496 possibilitate.

169 1623 172 1624 ⁷
206 1548 278 1612 454.
303 1550 480 1614 Puorostrto
507 1547 574 1610 vlt.
591 1546 728 1610 licentur
742 1550 795 1630 qui
811 1548 903 1610 totins
917 1557 1037 1610 nature
1047 1557 1157 1610 create
1171 1549 1258 1610 ordi·

164 1664 234 1709 ncrn
247 1665 285 1709 cc
298 1645 476 1727 [arcumen
490 1647 648 1721 excedunt,
665 1655 695 1709 et
714 1646 855 1708 intreecce
870 1656 897 1708 et
917 1646 1083 1711 extrinsece
1099 1646 1260 1728 putribiles

163 1754 249 1810 eunt.

207 1846 319 1909 Primo
337 1860 345 1908 ε
361 1853 434 1908 eunt
447 1845 601 1926 possibiles
613 1844 786 1908 intrinsece.

207 1943 254 2006 iix
276 1961 315 2007 eo
337 1945 477 2006 enimin
495 1944 684 2023 huJusmodi
703 1942 874 2007 eventibus
898 1942 1115 2006 contradictio
1131 1943 1258 2024 reperi-

167 2050 267 2116 retur,
285 2043 374 2122 quod
392 2042 441 2104 vei
459 2051 582 2105 naturae
607 2051 723 2104 creatae
748 2041 832 2105 ordo
846 2051 930 2103 essct
944 2040 1093 2104 absolute
1108 2058 1260 2106 necessa·

167 2139 247 2215 rius,
275 2140 324 2203 vei
348 2148 472 2203 nature
500 2148 614 2202 creatae
643 2139 778 2202 facultas
805 2138 942 2202 infinita.
965 2138 1045 2201 Nam
1067 2139 1094 2201 si
1111 2139 1259 2221 primum

167 2254 280 2300 verum
295 2246 391 2312 esset,
422 2237 504 2302 ordo
519 2245 642 2300 naturae
668 2236 828 2319 praeteriri
849 2253 1018 2325 nunquam
1035 2245 1154 2318 posset,
1181 2253 1259 2300 cum
1358 2316 1359 2319 Ἴ

167 2337 202 2396 in
219 2335 260 2397 iis
275 2354 348 2416 quae
363 2336 511 2399 absolute
523 2336 705 2399 necessaria
720 2345 807 2411 sunt,
822 2336 912 2399 nulia
928 2354 1073 2417 unquam
1088 2337 1262 2418 derogatio
1280 2334 1283 2339 ’

166 2442 222 2497 aut
236 2435 384 2516 exceptio
399 2434 441 2496 sit
458 2434 639 2515 possibilis.
657 2435 691 2497 Si
710 2452 823 2498 verum
849 2445 933 2499 esset
957 2436 1106 2511 alterum,
1125 2437 1192 2516 jam
1208 2435 1262 2498 vis
1358 2470 1359 2473 =

167 2534 259 2597 nulla
273 2536 449 2615 excogitari
468 2547 588 2616 posset,
606 2554 678 2617 quae
691 2544 815 2600 nuturae
832 2535 1016 2600 facultatem
1032 2539 1213 2605 excederet,

207 2633 305 2716 Atqui
330 2635 361 2696 1⁰
376 2634 495 2697 falsum
511 2635 607 2717 plane
629 2645 688 2711 est,
704 2645 828 2699 naturae
843 2635 995 2699 ordinem
1017 2655 1095 2700 esse
1109 2637 1261 2701 absolute

167 2733 400 2796 necessarium.
413 2735 542 2797 Etenim
559 2734 703 2816 physicae
718 2725 833 2798 omnes
846 2735 943 2815 leges,
961 2745 996 2798 ut
1010 2752 1109 2816 supra
1120 2736 1260 2798 demon·
1292 2807 1315 2817 ρ

168 2839 302 2893 stratum
321 2841 367 2893 est
384 2830 478 2911 (414),
496 2840 573 2894 suut
587 2834 736 2896 absolute
750 2832 993 2914 contingentes:
1011 2832 1216 2915 proindeque
1227 2834 1260 2896 si
1300 2858 1304 2863 ·

167 2928 374 2993 conditiones
398 2939 577 3007 mutentur,
594 2940 626 2995 et
641 2932 770 2996 idone'ae
785 2949 888 2996 causoe
904 2932 1006 2996 virtus
1023 2931 1164 3006 accedat,
1188 2950 1258 2996 nou
1282 3000 1285 3004 A

167 3038 326 3110 repugnet
341 3028 466 3110 aliquid
483 3030 565 3106 fieri,
584 3030 673 3111 quod
695 3039 727 3094 et
750 3039 874 3092 nature
889 3030 1095 3112 particularis
1111 3031 1209 3111 leges,
1223 3038 1262 3093 et

168 3136 292 3190 uaturae
306 3126 465 3189 universae
480 3127 631 3190 ordinem
648 3128 945 3213 praetergrediatur.

176 3292 178 3299 ,
209 3226 242 3285 ⁰2⁰
256 3224 385 3287 Falsum
402 3244 547 3308 quoque,
565 3238 688 3291 nature
698 3228 884 3291 facultatem
897 3227 1059 3290 infinitam
1075 3226 1257 3292 essertthtt

168 3323 257 3397 enim
274 3323 363 3404 quod
379 3332 522 3386 creatum
540 3324 582 3386 sit
604 3336 635 3387 et
650 3326 857 3406 corningens,
875 3325 1038 3395 infinitum
1052 3344 1122 3389 esse
1137 3334 1257 3406 potest.

166 3421 252 3501 Ergo
269 3420 355 3482 inter
370 3421 496 3499 agentia
512 3430 618 3484 creata
644 3423 774 3486 nulium
801 3433 861 3502 est,
889 3424 977 3505 quod
1004 3425 1043 3486 ad
1061 3424 1259 3489 infinitatem

144 3602 147 3607 1
166 3520 297 3582 virtutis
310 3519 494 3600 pertingere
510 3521 625 3601 possit.
668 3585 672 3594 ,

209 3618 281 3683 455.
299 3617 452 3682 Secundo
469 3637 477 3681 ε
495 3631 567 3682 sunt
579 3621 734 3701 possibiles
748 3624 926 3686 extrinsece.

209 3716 369 3780 Probatur
391 3716 421 3796 1⁰
448 3718 591 3797 generali
618 3729 821 3799 argumento.
845 3720 947 3784 Causa
963 3739 1036 3801 quae
1060 3721 1200 3784 essentia
1226 3730 1262 3784 et

167 3816 287 3879 virtute
309 3815 470 3877 universae
486 3824 610 3878 naturae
624 3817 775 3880 ordinem
791 3837 828 3881 ac
845 3806 1028 3884 facultatem
1041 3819 1180 3896 excedit,
1192 3818 1258 3882 effi-

167 3931 241 3976 cere
254 3922 358 3995 potest
371 3913 417 3988 id,
435 3915 523 3995 quod
541 3916 667 3978 excedit
686 3916 839 3979 ordinem
855 3916 1106 4000 facultatemque
1122 3930 1258 3982 nature.

167 4009 231 4073 Sed
248 4020 334 4075 certe
349 4014 435 4075 Deus
451 4022 499 4074 est
511 4000 672 4093 ejusmodi
685 4012 903 4096 causa'Ergo.
958 3999 961 4006 ¹
