2792 4600
26 2221 28 2282 ι

26 2324 42 2545 Ἢ,

450 368 538 414 erasa
559 368 679 427 seruus,
703 368 796 415 meur
817 370 860 416 vr.
1147 356 1209 439 299

122 500 179 566 per
194 480 339 544 membra
364 481 478 563 serpit,
495 492 593 564 atque
611 501 670 563 ego
686 483 831 546 calorem
845 483 984 568 recipio,
1007 488 1051 552 fio
1067 488 1206 569 calidus,

120 599 191 644 sum
207 580 342 643 calidus.
358 578 583 644 Nihilominus
599 600 674 644 cum
689 599 763 646 meo
775 582 883 647 calore
899 594 946 647 est
961 594 1116 667 praeterea
1131 599 1210 652 con·

114 678 246 762 junctus
273 680 391 742 caloris
414 697 551 757 sensus;
569 695 720 761 acquum
737 681 826 743 hunc
848 700 980 747 sensnm
1002 703 1061 765 ego
1085 687 1209 758 directe

118 778 301 859 exprimere
313 776 462 852 intendo,
475 777 546 841 sola
557 777 677 841 caloris
689 795 768 841 voce
780 796 847 842 nou
860 793 946 858 utor,
955 781 1011 844 sed
1025 782 1100 847 dico
1113 803 1144 847 v.
1157 794 1208 866 gr.

119 893 169 937 me
186 874 308 937 sentire
320 875 474 948 calorem,
491 875 600 938 calore
616 875 769 938 suffocari
786 884 818 939 et
832 876 968 941 similia.

149 975 246 1041 Patet
262 974 374 1054 igitur,
399 974 525 1037 nullam
540 992 610 1037 esse
629 974 923 1055 aeqnivoeationem
939 977 973 1039 in
990 977 1207 1057 maronibus,

118 1072 309 1155 nullamque
321 1074 483 1136 sermonis
495 1074 791 1155 imperfectionem,
804 1075 1084 1157 quemadmodum
1098 1089 1210 1143 aucto·

117 1159 167 1234 res
181 1172 271 1234 citati
288 1180 437 1234 asserunt
451 1190 459 1235 ε
474 1190 514 1260 ex
525 1191 592 1253 quo
605 1172 745 1236 deduces
759 1174 945 1254 periculose
960 1191 1090 1256 semper
1103 1193 1121 1238 a
1134 1177 1210 1256 phi·

119 1271 258 1351 losopho
273 1271 336 1334 boc
348 1271 468 1352 suscipi
482 1273 662 1353 negotium,
673 1280 709 1335 ut
722 1274 902 1337 humanum
913 1276 1210 1338 sermonemcorri-

117 1378 167 1452 gat
182 1368 215 1431 in
234 1369 276 1431 iis
292 1386 365 1450 quae
380 1369 420 1430 ad
437 1370 567 1432 interna
581 1369 663 1432 facta
680 1372 846 1451 pertinent
859 1373 906 1450 (h.
923 1370 1010 1450 ortt.

157 1463 228 1531 205.
243 1469 403 1531 Caeterum
416 1468 454 1530 iu
467 1467 605 1549 eoquod
619 1468 707 1531 citati
723 1469 1208 1550 pbilosophiMslebranchium

118 1568 376 1647 reprehendunt,
394 1585 460 1630 non
477 1567 614 1632 omnino
631 1568 798 1632 immerito
814 1586 890 1631 eum
910 1571 1079 1649 castigant.
1096 1572 1208 1635 Primo

121 1665 257 1747 quidem
271 1665 349 1745 quia
360 1663 623 1729 Malebranchius
638 1666 672 1727 in
690 1667 775 1728 banc
790 1666 1004 1747 quaestionem
1021 1684 1087 1728 non
1101 1669 1208 1731 modi·

119 1764 1202 1847 camconiusiouemintulit,quumderulgiopinioneitaloquitur,

118 1862 191 1925 acsi
204 1862 246 1925 ad
260 1863 387 1942 objecta
399 1862 761 1943 propriassensationes
776 1862 925 1925 homines
935 1863 1208 1942 transferrentlt).

119 1963 191 2038 Qua
213 1980 276 2025 vox
304 1963 446 2039 senentio,
478 1969 513 2024 nt
538 1971 653 2025 notum
682 1971 743 2038 est,
771 1971 842 2024 tum
869 1962 1008 2042 subjecti
1036 1962 1208 2025 sentientis

118 2074 235 2136 actum,
249 2072 317 2122 tum
326 2058 1208 2140 etiamperanalogiamrepraesentationemsensibilem

26 2171 27 2194 ³
118 2159 201 2241 apud
231 2157 453 2239 philosophos
469 2156 642 2238 significat,
670 2156 825 2237 quaeduo
843 2156 1110 2234 ¹hlalebrancbius
1138 2175 1205 2223 non

118 2256 279 2320 distinxit.
303 2256 456 2321 Secundo
468 2257 542 2337 jure
557 2256 813 2336 reprehenditur
829 2255 884 2319 hic
899 2265 1023 2332 auctor,
1038 2258 1128 2338 quia,
1146 2256 1208 2321 hac

117 2356 265 2419 doctrina
288 2365 319 2419 et
337 2357 397 2417 hac
426 2354 682 2436 aequivocatione
705 2354 825 2416 abusus
851 2355 955 2416 estad
982 2354 1205 2437 idealistarnm

117 2455 214 2518 dubia
225 2454 465 2518 confirmanda.
479 2452 526 2519 Ad
541 2472 639 2536 quem
654 2452 871 2516 refellendum
884 2453 1056 2534 responsio
1072 2453 1206 2516 Bnffieri

117 2566 146 2615 et
159 2553 270 2618 Reidii
292 2553 647 2635 opportunissimam,
675 2570 779 2632 eaque
795 2552 865 2633 ipsa
888 2569 947 2615 nos
964 2553 999 2614 in
1022 2552 1127 2633 logica
1153 2553 1205 2615 usi

118 2670 227 2716 sumus
242 2655 290 2734 (L.
307 2651 392 2730 486).

156 2750 227 2816 aot.
255 2751 325 2814 lam
343 2761 378 2813 ut
392 2749 433 2812 ad
456 2768 525 2812 rem
549 2748 654 2830 ipsam
681 2748 905 2827 deveniamus,
933 2766 999 2812 non
1016 2748 1203 2826 difficulter,

117 2862 206 2932 puto,
224 2849 439 2913 suadebimus
454 2847 650 2911 assertiones
666 2860 852 2927 sequentes.
1188 2849 1195 2860 '

156 2951 335 3014 Psorosrrro
351 2947 376 3009 l.
406 2946 523 3028 Nepesi
551 2946 657 3026 nequit
681 2944 846 3025 qnalhotes
874 2944 1026 3006 sensibiles
1055 2943 1204 3009 absolute

119 3058 311 3129 spectatasa
335 3045 439 3109 sensili
463 3045 743 3126 representatione,
758 3062 820 3126 qno
842 3062 881 3106 eoe
899 3044 985 3106 nobis
1011 3044 1203 3122 exhihentur,

118 3145 226 3207 similes
243 3165 313 3207 esse.

159 3245 266 3320 Quum
282 3245 357 3307 dico
373 3242 544 3324 qualitates
560 3241 735 3305 sensibiles
751 3240 900 3305 absolute
916 3250 1090 3322 spectatas,
1108 3240 1205 3304 intel·

122 3341 184 3422 ligo
200 3344 372 3423 qualitates
398 3342 527 3405 easdem
556 3342 602 3404 uti
620 3352 694 3403 sunt
717 3343 751 3402 in
774 3361 819 3417 se,
848 3340 1042 3421 praecisione
1057 3340 1139 3421 facta
1160 3339 1205 3403 ab

120 3441 257 3517 actione,
274 3459 373 3521 quam
390 3440 422 3502 in
441 3457 562 3520 organa
578 3440 750 3502 sentientis
772 3451 935 3514 exercent,
952 3456 1009 3501 seu
1025 3437 1071 3500 uti
1088 3456 1106 3501 a
1121 3455 1206 3518 puro

120 3539 250 3619 spiritu,
261 3540 317 3620 qui
331 3556 469 3620 corpora
481 3549 701 3620 cognosceret,
716 3538 1093 3623 intelligerenturllanc
1104 3554 1206 3618 porro

121 3637 331 3699 assertionem
347 3636 474 3719 physici
495 3636 731 3713 demonstrant,
756 3637 820 3717 lpsi
838 3636 927 3698 enim
954 3637 1073 3699 docent
1093 3636 1205 3723 colores

122 3754 189 3801 esso
214 3745 322 3800 motus
337 3735 533 3800 vibratorios
549 3736 679 3798 aetberis
695 3755 704 3813 ;
727 3735 854 3799 colores
874 3746 983 3799 autem
998 3735 1205 3798 diversorum

122 3851 294 3915 corporum
307 3842 414 3896 motus
426 3833 618 3897 vibrasorios
626 3834 756 3895 aetheris
771 3835 803 3894 in
816 3835 1011 3916 corporibus
1023 3834 1203 3909 existentis,

123 3931 177 4012 qui
199 3930 421 4022 circumstanti
445 3932 558 3992 aetheri
584 3934 871 3995 communicantur
887 3948 896 4008 ;
913 3932 1042 3993 colerent
1071 3949 1204 4012 quoque

146 4077 179 4134 (lt
194 4076 226 4124 Gi.
235 4077 302 4137 Opus
313 4076 564 4124 malebrancbtsnnrn.
576 4076 708 4122 flacherchc
722 4077 753 4122 de
764 4075 789 4121 lc
804 4076 886 4123 verite.
902 4074 952 4123 hir.
967 4075 1008 4122 Vl.
1019 4076 1045 4122 P.
1057 4075 1088 4123 ll.
1104 4075 1148 4123 Ch.
1169 4075 1204 4128 11.

1015 4151 1053 4191 lb.
