2792 4600
413 402 499 448 trare
521 401 663 459 ouranos,
688 402 781 448 carur
804 403 838 448 ιι.
1108 384 1168 448 407

122 517 156 579 2⁰
179 517 211 581 Si
227 515 359 598 quando
374 516 453 579 honi
471 516 607 596 spiritus
623 534 682 597 per
697 533 896 597 organorum
912 517 1167 580 commotionem

81 615 209 696 aliquid
225 616 351 678 homini
366 622 609 696 representem,
627 632 694 677 non
711 614 837 687 idcirco
851 616 1020 680 homiuem
1033 615 1074 678 ab
1088 616 1169 697 ipsis

81 715 116 776 iu
129 732 275 778 errorem
289 713 415 776 induci.
429 714 509 777 Nam
522 730 560 775 ex
573 712 654 793 ipsis
666 712 714 774 rei
727 712 900 793 adjunctis,
913 714 963 776 vel
976 714 1042 776 alio
1054 713 1168 796 aliquo

80 812 180 877 modo
193 821 248 875 aut
259 828 352 874 error
363 820 572 892 precaretur,
587 821 641 872 aut
653 809 750 872 facile
764 810 1037 891 deprehenditur.
1051 811 1075 875 Ε
1089 831 1170 876 con-

80 911 183 975 trario
199 911 275 973 mali
292 910 429 990 spiritus
447 911 509 971 hoc
525 909 634 990 ipsum
652 909 826 972 intendere
842 920 990 990 possunt,
1008 920 1044 972 ut
1060 912 1168 975 homi·

80 1028 155 1072 nem
170 1009 336 1090 decipiant
350 1027 387 1070 ac
400 1007 547 1071 ludibrio
561 1005 714 1071 habeant.
745 1055 750 1078 ,

121 1107 194 1174 444.
219 1110 396 1172 Paorosrno
417 1107 468 1171 lV.
498 1107 580 1170 Boni
604 1107 731 1189 spiritur
761 1105 916 1169 miraculo
937 1107 1063 1188 proprie
1087 1107 1169 1172 dicto

79 1210 201 1291 operari
213 1219 353 1288 possunt,
374 1219 603 1290 contraquam
624 1226 724 1269 causo
734 1207 938 1288 principales,
954 1207 1007 1270 sed
1019 1216 1168 1287 tunquam

80 1304 136 1366 Dei
153 1306 360 1369 instrumento
380 1325 418 1368 oc
431 1307 568 1368 ministri
591 1323 598 1370 :
626 1306 660 1368 iu
673 1307 755 1387 quod
769 1306 805 1368 de
819 1306 909 1385 ntulit
923 1307 1082 1388 spiritibus
1107 1306 1169 1369 dici

81 1407 197 1485 nequit.

122 1504 258 1567 Mirifice
290 1504 375 1565 hanc
408 1502 669 1583 propositionem
700 1502 842 1565 declarat
863 1521 890 1567 s.
914 1502 1067 1566 Thomas.
1093 1506 1166 1567 Haec

81 1603 189 1685 primo
205 1601 387 1684 premittit.
414 1624 428 1660 a
453 1602 567 1682 angeli
584 1602 624 1663 ad
647 1602 808 1665 miracula
824 1601 974 1666 iacienda
988 1602 1167 1684 tripliciter

84 1723 99 1759 a
122 1710 312 1780 operantur.
330 1700 402 1765 Uno
417 1701 517 1764 modo
534 1700 686 1782 precibus
703 1700 968 1781 impetrando...
986 1700 1079 1765 Alius
1096 1719 1167 1764 mo·

83 1825 98 1857 a
123 1800 183 1863 dus
206 1809 265 1876 est,
282 1799 375 1881 quod*
393 1800 508 1881 angeli
532 1800 700 1862 materiam
730 1800 913 1880 disponunt
937 1818 996 1862 sua
1026 1801 1166 1862 naturali

83 1923 97 1958 a
120 1900 250 1975 virtute,
265 1900 304 1961 ad
321 1900 385 1962 boc
400 1898 488 1979 quod
505 1897 702 1961 miraculum
720 1899 813 1961 liat...
829 1897 957 1961 Tertius
972 1899 1090 1961 modus
1106 1910 1166 1975 est,

25 2025 29 2028 ·
83 2025 98 2060 a
122 2002 212 2082 quod
229 2010 408 2081 operentur
423 1999 520 2064 etiam
537 1999 664 2083 aliquid
680 1999 860 2082 coagondo.
885 2021 900 2058 u
926 1998 1040 2064 Postea
1055 2000 1167 2063 subdit

81 2099 123 2163 de
142 2101 206 2163 hoc
221 2100 318 2163 tertio
333 2087 445 2163 modo.

124 2221 139 2257 a
163 2199 296 2262 Constat
310 2197 397 2280 quod
415 2197 500 2260 Deus
512 2198 583 2261 solo
600 2198 742 2278 imperio
754 2195 913 2259 miracula
925 2203 1079 2277 operatur
1094 2214 1101 2260 :
1118 2197 1166 2259 vi·

82 2323 96 2355 e
121 2299 237 2362 demus
249 2307 369 2374 autem,
384 2296 472 2381 quod
483 2298 658 2379 imperium
669 2296 817 2359 diuinum
830 2294 870 2359 ad
886 2293 1167 2360 inlerioresratio·

83 2420 98 2455 a
121 2397 212 2459 nales
237 2396 385 2477 spiritus,
403 2395 530 2458 scilicet
551 2396 728 2472 humanos,
751 2394 972 2458 mediantibus
987 2396 1167 2477 superiori·

84 2519 98 2554 a
122 2494 196 2571 buS,
214 2495 343 2558 scilicet
354 2493 499 2574 Angelis,
518 2494 678 2574 pervenit,
696 2495 781 2557 utin
809 2492 891 2574 legis
915 2494 1030 2556 veteris
1047 2493 1168 2557 latione

84 2618 99 2653 ι
121 2601 257 2675 apparet
273 2611 281 2657 :
299 2605 330 2656 et
346 2610 403 2674 per
420 2594 509 2654 hunc
533 2592 668 2655 modum
697 2610 756 2673 per
776 2592 913 2674 spiritus
929 2593 1095 2674 angelicos
1116 2592 1166 2653 vel

83 2716 98 2752 ι
123 2693 286 2756 humanos
302 2691 480 2771 imperium
497 2691 645 2754 divinum
658 2690 698 2752 ad
711 2692 899 2772 corporales
914 2703 1078 2777 creaturas
1093 2708 1169 2771 per·
1193 2763 1196 2769 ‚

83 2815 98 2850 ι
121 2793 231 2854 venire
254 2799 371 2871 potest,
396 2800 430 2852 ut
448 2808 506 2870 per
520 2808 576 2853 eos
598 2789 799 2870 quodammo
815 2801 938 2854 naturte
955 2797 1168 2872 praesentetur

83 2914 98 2949 ι
123 2889 272 2952 divinum
300 2898 509 2970 praeceptum,
539 2896 570 2950 ct
595 2887 755 2968 sicagaut
770 2888 1017 2969 quodammodo
1032 2887 1168 2969 spiritus

84 3012 98 3049 ι
122 2989 258 3052 humani
277 2989 326 3051 vel
342 2987 483 3069 angelici
505 2997 540 3050 ut
555 2987 811 3050 instrumentum
835 2987 955 3050 diviuae
976 2987 1105 3051 virtutis
1127 2986 1167 3047 ad

82 3113 97 3146 ι
122 3087 275 3149 miraculi
292 3085 526 3168 perlectionem
544 3103 552 3148 t
571 3103 637 3148 non
654 3085 745 3167 quasi
765 3086 874 3168 aliqua
889 3086 1008 3148 virtute
1022 3084 1168 3149 habituu-

84 3210 98 3246 a
119 3188 197 3268 liter
222 3186 255 3246 in
283 3170 331 3247 eis
356 3193 519 3258 manente,
546 3184 595 3246 vel
618 3184 759 3264 gratuita
772 3184 822 3246 vel
839 3183 992 3260 naturali,
1010 3183 1045 3246 in
1060 3193 1169 3246 actum

82 3283 274 3348 «miraculi
292 3284 457 3364 possint...
480 3283 542 3348 Sed
569 3283 673 3345 virtus
698 3282 738 3343 ad
765 3282 1009 3364 cooperandum
1036 3284 1103 3346 Deo
1133 3282 1168 3345 in
1229 3330 1232 3338 ι

12 3456 13 3461 1
81 3408 97 3444 ‹
120 3381 304 3457 miraculis,
323 3381 356 3443 in
373 3380 492 3444 sanctis
510 3380 650 3462 intelligi
665 3389 772 3461 potest
783 3380 823 3442 ad
841 3379 976 3443 modum
989 3381 1167 3444 formarum

82 3506 98 3542 ‹
123 3477 408 3562 imperiectarum.
421 3497 494 3560 quae
509 3495 577 3540 non
594 3486 787 3559 permanent
802 3478 868 3540 nisi
887 3496 945 3559 per
961 3478 1166 3559 praesentiam

83 3603 98 3639 a
122 3578 247 3661 agentis
267 3576 473 3658 principalis,
501 3576 587 3657 sicut
607 3576 719 3638 lumen
737 3576 770 3638 in
793 3594 868 3639 aere
889 3594 927 3639 ac
941 3576 1099 3658 motuslio
1116 3577 1168 3640 in-

81 3700 97 3736 «
122 3682 305 3740 strumento
321 3676 369 3752 (l).
388 3696 402 3732 ι

121 3775 194 3839 445.
220 3776 264 3838 lie
280 3770 375 3834 malis
398 3771 572 3853 spiritibus
589 3772 658 3835 haec
673 3770 831 3853 subjicit:

124 3896 140 3932 ‹
163 3873 210 3936 Ad
228 3869 418 3950 huiusmodi
436 3889 508 3950 quae
521 3879 598 3933 sunt
612 3887 712 3950 supra
736 3868 920 3932 facultatem
937 3878 1060 3932 nature
1079 3870 1168 3951 ipso·

81 3997 97 4033 «
124 3989 209 4047 rum,
227 3969 308 4032 eisa
328 3966 502 4032 [ieonulla
517 3968 613 4031 datur
634 3976 797 4050 potestas:
824 3968 901 4050 quia
923 3985 998 4031 cum
1020 3970 1168 4050 operatio

109 4086 183 4144 (110.
194 4086 235 4134 cit.
246 4091 291 4131 art.
303 4083 345 4133 lv.
