2792 4600
366 531 701 630 hnlhlltlhdh
735 531 984 631 srhhlhtlt

595 873 761 909 -<>c<>-

534 1129 819 1238 cosnomon.
867 1098 870 1104 ’

176 1430 205 1493 l.
229 1430 446 1511 Aggredimur
464 1448 552 1493 nunc
571 1431 747 1513 specialem
765 1433 1033 1515 metaphysicam,
1051 1451 1187 1514 eamque
1203 1451 1221 1495 a

132 1519 328 1610 cormoloqic,
353 1547 425 1616 qnae
449 1529 596 1593 tractatio
618 1538 666 1592 est
681 1530 722 1593 de
738 1531 863 1615 mundo
886 1548 1056 1613 corporeo,
1072 1532 1222 1613 auspica-

135 1646 222 1722 mur.
235 1627 391 1690 Eamdem
407 1628 531 1710 quipp‘e
548 1628 579 1690 in
603 1628 873 1711 philosophando
896 1639 1006 1695 tenere
1028 1631 1222 1695 methodum

134 1750 193 1819 par
207 1740 266 1805 est,
284 1749 382 1812 quam
398 1731 541 1794 humana
556 1739 643 1794 tanet
662 1732 821 1812 cognitio.
847 1734 920 1797 llaec
935 1743 1042 1798 autem
1056 1734 1163 1815 primo
1187 1736 1222 1795 in

134 1829 304 1893 sensibilia
327 1830 520 1904 intenditur,
540 1830 660 1893 deinde
683 1831 717 1892 in
734 1831 843 1913 ipsum
859 1833 1007 1895 animum
1029 1831 1221 1905 reflectitur,
1299 1839 1303 1847 '

133 1948 171 1993 ac
186 1929 319 1992 demum
337 1912 537 2010 experientia
552 1938 583 1992 et
597 1927 825 1992 observatione
839 1930 967 1993 exculta
981 1949 1019 1992 ac
1041 1930 1154 2005 ditata,
1172 1948 1221 1993 re·

133 2047 207 2092 rum
223 2046 334 2092 causas
348 2029 516 2110 inquirere
529 2029 655 2110 incipit,
673 2028 778 2093 donec
789 2030 824 2091 in
838 2029 955 2094 ultimo
972 2048 1083 2093 rerum
1097 2029 1223 2110 princi·

133 2128 201 2211 pio,
219 2128 311 2209 quasi
328 2129 361 2190 in
383 2127 525 2191 termino
544 2128 688 2209 quodam
712 2127 934 2208 conquiescat.
960 2129 1222 2193 Consentaneum

133 2235 182 2309 est
209 2226 310 2308 igitur
325 2234 448 2289 naturae
464 2226 661 2302 intellectus
680 2225 920 2308 philosophum
944 2226 1052 2308 primo
1071 2226 1111 2289 ad
1128 2237 1222 2290 natu·

132 2344 204 2399 ram
219 2342 411 2407 corpoream
423 2326 636 2389 meditatione
659 2345 693 2388 se
705 2319 920 2404 convertere;
937 2335 1007 2388 tum
1030 2326 1064 2389 in
1078 2327 1224 2407 seipsum

124 2425 254 2501 redire,
268 2443 304 2488 ac
319 2424 360 2487 de
376 2425 527 2488 humanae
542 2427 612 2489 vilae
637 2425 804 2506 principio
827 2424 996 2506 inquirere
1012 2441 1020 2488 ε
1037 2443 1075 2488 ac
1090 2424 1224 2489 demum

133 2524 173 2586 ad
189 2542 320 2587 cansam
333 2542 443 2587 rerum
458 2543 656 2606 supremam,
674 2544 747 2606 quae
767 2528 850 2589 Deus
863 2535 922 2600 est,
939 2525 1128 2588 ascendere.
1146 2526 1221 2588 Haec
1268 2568 1270 2573 ι

133 2624 362 2704 metaphysicae
395 2642 464 2702 pars
494 2642 566 2704 quae
595 2623 634 2686 de
647 2624 772 2688 mundo
797 2624 942 2709 disputat
963 2640 1140 2705 corporeo,
1151 2622 1224 2685 Cos·

131 2721 277 2803 esclepia,
293 2731 327 2785 ut
342 2721 496 2801 diximus,
514 2722 596 2786 solet
612 2723 785 2804 appellari,
799 2732 896 2804 atque
908 2722 1007 2784 etiam
1020 2718 1226 2802 Philosophia

132 2829 264 2892 nature,
282 2820 421 2900 eoquod
438 2828 485 2881 est
500 2819 592 2900 quasi
613 2819 779 2900 quoddam
798 2819 1008 2900 physicarum
1025 2818 1221 2899 disciplina·
1300 2842 1304 2851 ·

134 2936 207 2980 rum
223 2919 511 2998 complementum.
530 2917 632 2998 Hujus
654 2918 881 2981 tractationem
904 2917 948 2978 ita
973 2917 1221 2991 distribnemus,

134 3026 171 3081 ut
182 3000 290 3098 primo
308 3017 349 3080 de
366 3035 544 3098 corporum
567 3025 682 3080 natura
704 3027 736 3080 et
757 3016 970 3098 qualitatihus
993 3016 1219 3093 disseramus;

134 3124 203 3178 tum
221 3116 261 3176 de
272 3115 397 3178 mundo
413 3130 572 3194 corporeo
585 3114 764 3194 generatim
780 3115 916 3196 ejusque
931 3113 1059 3194 origine
1073 3138 1085 3190 ,·
1101 3113 1227 3176 deinde-

135 3213 175 3275 de
191 3213 297 3293 spatio
312 3231 349 3275 ac
364 3221 524 3299 tempore,
541 3230 614 3293 quae
626 3212 692 3275 duo
708 3211 952 3275 mundanorum
965 3212 1117 3276 omnium
1132 3214 1222 3291 phae-

135 3328 352 3373 nomenornm
365 3309 572 3372 conditiones
584 3321 661 3372 sunt
672 3319 769 3391 atque
780 3311 960 3388 elementa;
978 3329 1015 3374 ac
1029 3310 1163 3374 demum
1180 3310 1222 3373 de

135 3417 250 3470 natura
275 3408 410 3488 eiusque
440 3406 578 3488 legibus,
609 3425 646 3470 ao
666 3407 706 3469 de
721 3407 898 3484 miraculis,
916 3425 989 3487 quae
1001 3408 1129 3489 potiora
1144 3419 1224 3470 sunt

130 3524 348 3589 exponamus.
641 3510 642 3514 ’

715 3686 719 3693 a
