2792 4600
216 317 277 383 386
642 337 645 352 ¹
670 334 860 400 cosnonoorn.

215 449 255 512 ab
271 450 322 524 iis,
336 450 392 532 qui
409 458 464 513 aut
475 449 776 514 vehementioribus
789 449 962 530 pulsantur
978 449 1160 527 affectibus,
1178 458 1234 513 aut
1250 469 1305 516 no·

186 608 196 633 ,
213 551 261 612 vis
276 549 463 614 afficiuntur
477 550 732 625 sensationibus,
749 557 805 612 aut
819 550 887 613 otio
903 551 1131 631 languescunt,
1147 557 1203 613 aut
1217 552 1306 614 euris
1374 631 1375 636 ἵ

215 647 347 712 anxium
375 650 533 722 animum,
553 656 615 712 aut
629 648 794 711 desiderio
820 647 1007 711 distentum
1017 655 1146 727 gerunt.
1172 648 1306 712 Brevios
1374 645 1375 704 ἶ

217 747 422 810 econtrario
450 747 566 825 abiis,
598 746 711 828 quiin
740 745 903 828 oppositis
932 745 1096 825 adjunctis
1126 755 1306 811 versantur.
1374 755 1375 830 j

215 845 461 922 Brevissimum‚
492 847 560 910 irno
582 845 724 922 nullum,
757 846 797 909 iis
828 846 885 927 qui
913 846 1061 925 lethargo
1083 845 1233 927 oppressi
1261 845 1309 908 vel

216 946 356 1026 graviori
370 963 486 1009 somno
502 947 618 1028 sepulti
634 945 756 1026 jacent.
879 943 883 954 '

258 1045 333 1110 400.
356 1046 489 1110 Solvere
508 1047 574 1125 jnrn
590 1062 649 1125 per
675 1052 707 1108 te
724 1043 858 1125 poteris,
875 1063 915 1108 ex
943 1044 1042 1108 dictis
1059 1046 1242 1126 hucusque,
1259 1062 1309 1107 se·
1374 1065 1375 1106 t

218 1144 351 1224 quentia
367 1142 585 1223 problemata.
890 1156 896 1162 ·
1374 1157 1375 1164 ¹

261 1243 293 1304 1⁰
313 1242 348 1305 Si
364 1243 450 1305 Deus
475 1242 611 1306 unicum
627 1259 685 1305 ens
713 1251 865 1318 creasset,
888 1250 1000 1305 utrum
1029 1250 1139 1323 posset
1152 1240 1223 1323 ejus
1249 1241 1310 1305 du·

217 1341 300 1403 ratio
316 1342 513 1418 mensurari,
531 1350 563 1405 et
575 1341 756 1422 quomodo.
1374 1347 1375 1358 ¹

256 1440 289 1502 2⁰
304 1442 354 1505 An
374 1443 400 1504 si
424 1442 575 1505 existeret
590 1442 727 1505 unicum
742 1442 970 1506 tantummodo
993 1459 1125 1523 eorpus,
1150 1443 1214 1505 hoo
1240 1449 1309 1505 mo'·

218 1540 285 1601 veri
302 1549 422 1621 posset.

190 1659 193 1664 ¹
259 1637 293 1700 3⁰
321 1639 355 1702 Si
385 1639 530 1702 coelestes
554 1647 663 1703 motos
691 1655 807 1702 omnes
835 1648 933 1720 atque
965 1646 1135 1702 terrestres
1160 1646 1310 1721 tempore
1374 1639 1375 1702 ἶ

220 1735 361 1799 dimidio
382 1736 526 1800 breviori
552 1737 805 1812 conficerentur,
836 1755 878 1800 an
902 1746 1011 1818 posset
1040 1736 1178 1801 mutatio
1199 1738 1310 1802 haeoa
1374 1757 1375 1760 ¹

219 1834 314 1897 nobis
330 1836 546 1916 deprehendi.
1374 1911 1375 1918 χ

261 1934 295 1996 40
316 1932 382 1996 Cur
404 1934 579 2016 iuvenibus
605 1934 681 1996 anni
708 1934 947 2012 diuturniores,
972 1933 1108 1998 senibus
1143 1933 1311 1999 breviores
1374 1929 1375 1998 5

221 2031 415 2111 videantor;
431 2034 562 2115 vitaque
576 2034 618 2096 sit
634 2032 757 2096 misero
769 2033 878 2115 longa,
896 2032 984 2097 felini
999 2032 1121 2098 brevis.

1374 1503 1375 1532 t

1374 1537 1376 1560 t
