2792 4600
382 339 468 383 crona
490 339 651 397 sucunnus,
675 341 767 386 ment
788 342 816 386 v.
1087 322 1144 385 iii

85 453 237 517 inferiores
257 450 405 530 qnaedam
432 451 619 515 divinitates
633 453 758 517 haberi
788 454 932 533 possint;
949 471 1066 534 nempe
1081 455 1147 515 vim

82 552 180 635 agendi
190 551 221 612 in
232 567 303 625 nos,
314 568 477 631 perquam
488 564 519 614 et
530 554 639 615 timeri
650 554 788 616 etantari
798 553 948 627 debeant,
958 572 995 615 ac
1008 553 1147 633 proinde

83 649 206 714 adorari.

43 766 52 811 ς
113 749 176 814 287.
189 747 284 829 Resp.
298 747 642 813 circumcurrens
656 752 883 829 prima,conc.;
898 762 932 814 nt
943 769 1039 814 causa
1052 752 1147 814 unica

82 869 153 930 sno.
168 844 266 911 Habet
283 847 371 909 huuc
392 866 505 909 verum
532 867 665 911 sensum
692 849 819 929 objecta
845 850 1039 931 propositio,
1056 851 1146 931 quod

83 964 181 1027 nempe
194 945 302 1008 omnis
318 946 458 1008 actionis
474 946 574 1008 finitae
588 948 674 1010 Deus
688 957 738 1011 est
754 949 969 1029 principium,
987 958 1148 1029 qnatenus

83 1044 263 1110 existentiam
281 1053 312 1107 ct
324 1043 521 1106 nativitatem
533 1045 630 1108 rebus
643 1048 784 1111 contulit
796 1064 833 1108 ec
844 1059 1003 1128 perpetuo
1015 1065 1146 1110 conser-

82 1152 133 1222 tat;
147 1140 250 1223 iisque
265 1161 341 1205 cum
357 1144 565 1206 continenter
578 1146 610 1206 in
625 1147 752 1225 agendo
764 1148 931 1209 concurrit
944 1165 951 1208 ;
966 1157 1062 1226 atque
1074 1163 1146 1208 otn-

82 1243 155 1306 ninm
170 1248 215 1303 est
229 1241 306 1303 finis
321 1242 470 1318 ultimus,
489 1253 523 1307 ut
538 1244 595 1324 qui
622 1262 788 1307 summum
804 1244 928 1308 honum
943 1254 991 1307 est
1006 1248 1055 1322 (tt.
1073 1246 1147 1308 hec

81 1361 127 1405 tuo
139 1340 206 1404 loco
221 1339 327 1404 fusius
343 1342 606 1422 explicabuntur.

110 1440 323 1503 Satisinterim
337 1442 487 1521 liquetex
498 1461 537 1505 eo
551 1443 638 1522 quod
654 1442 896 1506 Deusotnnium
906 1443 1073 1505 actionum
1083 1443 1145 1505 hoc

82 1540 160 1602 nodo
175 1539 376 1620 principium
392 1545 442 1616 sit,
458 1557 524 1604 non
540 1542 667 1604 excludi
682 1543 818 1605 scansis
831 1542 934 1604 finitis
949 1542 1146 1605 activitatem

83 1639 144 1720 ipsis
157 1626 416 1703 convenientem.

111 1735 149 1822 hd
168 1738 201 1798 1⁰
217 1735 295 1797 Dist.
310 1747 378 1799 unt.
395 1738 431 1802 in
446 1738 512 1801 alio
524 1739 653 1811 ordine,
669 1739 836 1801 omittetin
850 1739 1000 1819 praesenti
1014 1739 1143 1812 ordine,

83 1854 149 1916 tenc
164 1833 320 1896 Videlicet
337 1836 362 1896 si
383 1835 465 1897 Deus
481 1854 619 1914 corpora
633 1847 699 1898 no'u
712 1845 862 1910 creasset,
877 1846 985 1917 posset
999 1835 1145 1916 proiecto

83 1952 173 1997 omues
187 1951 366 2013 corporum
379 1933 524 1996 actiones
540 1935 698 1997 eminenti
715 1954 774 1997 sua
790 1938 908 1997 virtute
921 1933 1058 2008 efficere,
1073 1935 1143 1997 atsi

82 2050 195 2112 corpora
210 2033 343 2106 creavit,
358 2034 504 2112 jamnon
519 2042 623 2112 potest
635 2034 790 2113 atnpiius,
804 2034 885 2115 quin
898 2051 965 2096 suae
976 2033 1145 2113 sapientiae

83 2131 202 2210 deroget.
219 2132 301 2193 item
318 2131 344 2191 si
361 2131 441 2194 nulii
459 2141 566 2193 essent
581 2124 672 2193 actus
692 2131 817 2206 vitales,
834 2131 1024 2204 voiuntarii,
1047 2132 1144 2194 liberi

80 2248 108 2291 ac
120 2229 285 2303 rneritorii,
303 2247 363 2291 nec
378 2248 492 2291 sensus
509 2230 645 2292 intimus
673 2249 710 2291 ea
738 2230 833 2292 nohis
856 2230 1057 2292 renuntiaret
1073 2247 1145 2311 quas

81 2329 159 2391 modo
173 2328 447 2406 renuntiat1280),
463 2338 532 2391 esto
550 2339 657 2408 posset
674 2330 770 2404 Deus,
788 2331 847 2390 hac
862 2329 942 2390 iacta
955 2328 1142 2408 hypothesi,

81 2436 151 2487 actus
165 2428 340 2507 spirituum
359 2430 509 2507 proprios
526 2427 560 2488 in
584 2428 664 2506 ipsis
677 2447 714 2489 ex
731 2447 765 2489 se
780 2447 814 2489 se
829 2427 957 2489 efficere
971 2426 1144 2507 spiritibus

80 2525 205 2586 revoluti
223 2542 362 2604 ponere;
379 2542 566 2605 quanquam
584 2526 640 2605 qui
658 2525 702 2586 ita
717 2527 919 2604 opinaretur,
935 2525 1045 2586 nescio
1061 2542 1144 2604 quo·

81 2623 158 2685 nodo
172 2624 308 2703 spiritus
324 2624 431 2685 ideam
447 2624 651 2704 conciperet;
670 2624 726 2685 sed
743 2626 777 2685 in
804 2623 975 2704 hypothesi
993 2624 1144 2702 opposita

81 2723 241 2802 suppositio
259 2722 449 2803 huiusmodi
465 2734 514 2785 est
530 2723 701 2785 manifeste
718 2724 869 2786 absurda.

108 2819 180 2901 Neon
194 2833 302 2882 autem
317 2838 451 2900 prorsus
462 2821 718 2901 consequentiam.
728 2821 808 2883 Nam
822 2821 881 2883 etsi
897 2838 1056 2901 ponamus
1071 2818 1142 2881 sine

80 2919 130 2980 ulia
143 2919 348 2991 limitatione,
361 2922 461 2982 Deum
478 2922 589 2982 omnia
606 2938 663 2999 per
678 2939 713 2981 se
732 2939 825 3000 posse
837 2938 942 2998 agere,
954 2937 1020 2980 nou
1034 2927 1142 2980 tamen

80 3020 204 3099 sequitur
219 3037 295 3080 eum
312 3019 423 3080 omnia
437 3036 494 3097 per
504 3037 538 3079 se
550 3027 718 3095 aeturum3
737 3020 842 3099 potuit
854 3020 944 3080 enim
958 3018 1077 3080 hahere
1090 3036 1142 3079 ra·

81 3117 163 3179 tiones
177 3118 274 3180 etism
291 3116 388 3179 nohis
404 3115 622 3194 inexploratus
651 3117 783 3179 creandi
814 3134 953 3197 corpora
975 3116 1087 3188 active,
1105 3134 1143 3177 ac

81 3216 193 3296 spiritus
209 3235 276 3279 non
292 3225 439 3278 mortuos
456 3216 512 3277 sed
532 3217 686 3278 viventes.

108 3315 170 3379 288.
187 3315 293 3389 Quare
309 3317 392 3378 tatio
406 3314 515 3376 addita
528 3316 651 3377 nuliam
664 3318 728 3377 vim
744 3314 851 3377 hahet.
861 3316 980 3376 Verum
992 3323 1040 3374 est
1052 3311 1141 3375 onim

82 3430 129 3477 uon
144 3434 209 3477 esse
223 3414 476 3494 multiplicanda
502 3417 589 3476 entia
607 3415 678 3478 sine
695 3415 896 3487 necessitate,
914 3413 940 3475 si
957 3422 1065 3475 tamen
1082 3428 1142 3474 no·

82 3514 150 3575 niue
163 3514 362 3576 necessitatis
381 3531 449 3575 nou
470 3513 581 3575 stricta
611 3513 798 3586 necessitas,
815 3512 870 3575 sed
889 3511 1002 3573 utalia
1018 3511 1052 3571 in
1068 3510 1142 3573 loco

82 3608 244 3675 dictumest
260 3614 305 3691 (L.
323 3610 407 3689 490),
424 3612 522 3678 etiam
549 3614 775 3690 congruentia,
794 3612 893 3672 decor
908 3627 945 3670 ac
962 3608 1066 3688 majus
1081 3608 1141 3669 ali·

82 3711 278 3788 qnodbonum
289 3712 505 3790 intelligatur;
522 3712 701 3790 praesertinr
711 3727 812 3789 qnutn
827 3709 868 3769 de
882 3711 946 3770 Deo
960 3706 1139 3786 loquimur,

81 3809 120 3871 tui
133 3811 214 3872 nihil
233 3830 367 3891 prorsus
382 3810 603 3872 necessarium
620 3819 680 3872 est.

110 3907 199 3971 iiuito
213 3921 320 3972 autern
336 3908 581 3988 congruentius,
599 3906 768 3968 decentius
796 3915 828 3967 et
857 3903 1077 3985 opportunius
1100 3903 1141 3964 ad

49 4011 50 4026 ¹
101 4038 124 4092 tt·
137 4037 327 4089 etsnnsum.
338 4038 370 4085 n.
381 4041 470 4098 aeq.
481 4037 559 4086 cna.
571 4036 598 4083 v.
609 4037 725 4085 acono.
737 4044 800 4095 pent.
813 4033 865 4082 tn.
876 4032 921 4082 nt.
931 4045 951 4080 c.
964 4034 1039 4082 cxx.
