2792 4600
173 304 214 367 ol
625 315 798 360 erroneum.

171 432 271 507 tibus,
288 439 358 492 tum
374 429 408 490 in
435 426 617 504 habitibus,
635 436 705 490 tum
732 429 767 489 in
793 427 932 509 objectis
954 428 1043 490 eirea
1068 448 1141 510 quae
1169 438 1260 493 aetus

174 530 371 607 habitusque
382 535 563 601 versantur,
581 526 609 589 si
626 526 797 589 homiuem
812 526 948 587 deceant
963 528 1090 589 ratione
1102 535 1260 591 utentem.

212 628 246 703 lit
258 626 385 688 Bonum
415 624 609 685 delectabile
624 633 672 684 ast
694 623 727 684 id
746 622 833 702 quod
853 623 950 684 habet
964 641 1040 685 eum
1055 624 1168 705 aliquo
1183 643 1262 687 eon·

171 723 515 801 senientiam,prnpter
528 721 753 781 delectationem
764 737 862 799 quam
881 719 943 799 ipsi
961 720 1064 784 affert.
1085 721 1262 787 Delectatio

172 830 281 883 autem
297 828 345 882 est
360 821 454 900 quies
470 819 635 899 appetitus
652 819 685 878 in
710 819 981 880 reconvenienti.
1008 819 1100 882 Nihil
1114 828 1190 883 reto
1205 837 1262 900 ap·

173 920 239 999 peti
257 928 373 998 potest,
392 918 456 979 uisi
487 919 601 998 aliquo
624 916 723 978 modu
745 926 970 994 cognoscatur.
988 919 1193 997 Quapropter
1204 919 1262 980 de·

172 1017 323 1079 leclabile
352 1017 476 1080 bunum
506 1015 546 1076 ad
575 1031 613 1076 ea
642 1016 751 1077 solum
778 1017 866 1077 entia
895 1016 1262 1096 pertinet,quaealiqua

146 1152 150 1156 ·
173 1116 392 1194 cognoscendi
409 1114 561 1176 facultate
577 1113 714 1194 pollent.

214 1218 241 1292 e)
254 1214 398 1277 Tandem
422 1214 546 1275 honum
565 1211 645 1273 utile
661 1210 813 1289 estquod
840 1211 992 1273 convenit
1006 1212 1072 1274 enti
1091 1229 1157 1275 non
1173 1230 1212 1277 ex
1227 1229 1264 1275 se

173 1333 234 1377 nee
253 1326 385 1394 propter
402 1312 664 1380 delectationem,
684 1311 741 1372 sed
756 1311 877 1373 ratione
890 1312 1017 1374 alteriue
1035 1313 1107 1374 boni
1122 1313 1189 1373 sive
1205 1313 1263 1375 ho·

172 1414 255 1475 nesti
272 1414 339 1474 sive
354 1411 568 1485 delectabilis,
585 1409 674 1490 quod
699 1426 757 1488 per
772 1410 855 1471 illud
872 1410 1016 1473 obtineri
1042 1420 1159 1491 potest.
1176 1410 1262 1473 Talis

174 1518 223 1573 est
237 1530 266 1573 r.
282 1528 329 1591 gr.
348 1510 501 1590 pecunia.

216 1608 287 1671 lat.
305 1611 379 1672 Haeo
404 1608 484 1671 boni
514 1606 645 1681 divisio,
663 1624 748 1685 quae,
762 1606 789 1667 si
809 1606 921 1669 omnia
936 1605 1006 1685 ejus
1023 1607 1170 1668 membra
1186 1623 1264 1687 pron

174 1710 246 1790 prie
261 1726 298 1770 ae
315 1707 457 1787 pressius
483 1716 666 1779 sumantur,
684 1703 725 1764 ad
741 1703 866 1765 bonum
896 1706 1102 1768 solummodo
1122 1707 1263 1785 pertinet

175 1809 370 1880 humanum,
401 1805 532 1868 extendi
563 1821 696 1885 quoque
727 1811 844 1883 potest,
860 1813 894 1865 ut
909 1804 1065 1878 diximus,
1082 1805 1123 1865 ad
1137 1806 1262 1867 bonum

177 1906 211 1965 in
227 1921 357 1983 genere.
386 1904 449 1968 Res
464 1902 684 1972 enimomnes
706 1903 747 1962 ad
764 1900 889 1963 bonum
905 1900 1041 1981 aliquod
1054 1913 1170 1964 natura
1185 1919 1271 1982 pr0-,

176 2003 356 2083 pelluntur,
374 2018 441 2081 quo
470 2000 627 2081 perfectio
656 2000 815 2080 cujusque
831 2000 965 2080 propria
978 2000 1166 2062 continetur
1183 2019 1191 2065 2
1208 2002 1266 2063 hie

176 2110 284 2163 autem
300 2112 424 2162 uaturae
440 2100 615 2179 impulsus,
643 2101 699 2177 qui
724 2100 757 2160 in
774 2100 906 2161 entibus
922 2100 1084 2162 sensitivis
1100 2109 1148 2162 est
1163 2118 1265 2181 appe-

176 2201 254 2262 titus
266 2200 452 2273 sensitirus,
462 2200 495 2260 in
512 2197 732 2261 rationalibus
746 2199 910 2278 appetitus
926 2199 1152 2273 rationalis,in
1165 2198 1265 2263 rebus

176 2299 333 2384 inanimis
348 2296 454 2378 potest
471 2298 713 2379 perquamdam
729 2296 913 2377 analogiam
928 2299 1091 2378 appetitus
1105 2296 1265 2360 naturalis

175 2397 397 2459 denominari.
468 2431 472 2439 ·

217 2495 273 2557 Sic
302 2495 402 2574 igitur
431 2494 544 2575 idque
560 2494 679 2557 ultimo
706 2494 809 2556 tendit
822 2494 998 2573 appetitus,
1015 2495 1141 2557 bonum
1159 2496 1263 2557 houe-

174 2593 370 2669 stumest3id
383 2593 470 2672 quod
488 2603 537 2655 est
552 2594 697 2656 medium
707 2592 746 2653 ad
761 2594 886 2656 bonum
900 2593 1073 2655 honestum
1086 2610 1264 2673 assequen-

174 2694 266 2763 dum,
283 2701 331 2752 est
342 2691 468 2753 honum
483 2690 581 2767 ulile;
596 2700 629 2753 et
651 2690 745 2771 quies
774 2691 845 2770 ipsa
861 2690 894 2752 in
907 2708 968 2752 suo
983 2690 1125 2753 termino
1138 2689 1266 2754 bonum

175 2799 224 2853 est
238 2789 433 2852 delectabile
445 2793 494 2867 (a).

609 2919 782 2995 altllcuttts'
796 2920 828 2965 ll.

619 3031 830 3094 Tlteoremuta.

216 3166 287 3229 lta.
305 3163 485 3226 Psorosirto
501 3162 527 3224 l.
545 3160 643 3224 Otene
657 3181 710 3225 ena
724 3172 768 3224 ast
781 3163 905 3224 tonum.

216 3265 247 3323 ι’
262 3261 366 3325 Omne
380 3280 438 3323 eus
458 3270 507 3324 eat
521 3261 635 3322 tonum
651 3262 815 3322 seeundum
829 3278 859 3321 se
874 3259 956 3338 tlte)
975 3278 983 3323 :
1001 3259 1079 3341 quia
1094 3278 1193 3324 omne
1205 3279 1264 3324 ens

176 3359 360 3421 necessario
375 3357 471 3419 habet
496 3358 703 3420 essentialem
731 3374 824 3419 suam
848 3357 1095 3436 perlectionem,
1111 3377 1177 3437 qua
1190 3370 1266 3422 actu

175 3469 235 3532 est,
253 3456 364 3518 attale
391 3471 448 3515 ens
470 3461 529 3516 est.
551 3453 713 3516 Perfectio
729 3466 837 3517 autem
852 3455 961 3517 omnis
976 3465 1024 3517 est
1040 3457 1182 3533 bonitas,
1199 3476 1266 3539 qua

176 3573 234 3617 ens
249 3553 284 3615 in
299 3571 335 3615 se
350 3552 475 3615 bonum
485 3561 550 3614 est.
567 3549 666 3631 Ergo.
1087 3609 1099 3620 ..

217 3653 315 3717 2⁰Est
343 3651 441 3713 etiam
456 3649 688 3712 donumolteri.
716 3649 845 3713 Etenim
871 3669 969 3714 omne
995 3671 1053 3715 ens
1082 3654 1265 3731 naturalem

177 3770 251 3815 eum
267 3750 380 3830 aliquo
406 3748 474 3811 alio
503 3748 753 3830 proportionem
768 3748 876 3825 habet,
892 3750 940 3812 vel
954 3762 989 3814 ut
1004 3770 1078 3833 pars
1091 3771 1165 3815 cum
1182 3762 1264 3830 toto,

177 3850 225 3912 rel
241 3857 275 3912 ut
290 3847 443 3910 accidens
472 3863 547 3909 eum
576 3846 736 3927 subjecto,
752 3848 801 3909 vel
818 3859 853 3910 ut
876 3867 972 3912 causa
994 3869 1069 3912 cum
1085 3851 1214 3930 effectu,
1233 3866 1267 3916 et

205 3979 237 4036 (l)
247 3977 284 4025 ct.
295 3978 320 4025 S.
329 3977 374 4025 tn.
384 3976 451 4024 sum.
461 3974 495 4023 tlt.
506 3990 530 4036 p.
541 3976 563 4033 l,
573 3989 598 4036 q.
611 3975 637 4025 V.
645 3984 692 4024 art.
704 3978 743 4025 vt.
