2792 4600
216 311 280 375 :tto
651 321 841 369 rossensem.

216 443 291 504 talis
303 435 534 522 permansisset
549 436 733 517 eujusmodi
747 444 920 508 creataest,
930 435 1075 499 hulcfini
1088 443 1291 521 assequendo,

218 540 331 603 saltem
348 556 387 602 eo
400 536 499 599 modo
514 534 570 615 qui
588 537 653 599 Deo
677 535 796 615 dignus
812 548 908 607 esset,
933 553 992 614 par
1018 553 1085 598 non
1101 546 1179 600 erat.
1202 538 1295 621 Opor-

218 640 280 703 tuit
296 656 383 719 ergo,
406 646 440 699 ut
465 656 504 698 ex
535 636 595 696 hac
621 634 756 696 materia
785 633 881 696 rariae
905 651 957 697 res
979 634 1207 712 formarentur,
1229 658 1296 721 qun

217 750 288 803 tum
301 734 496 807 multiformi
513 752 570 796 sua
591 731 802 814 perfectione,
820 740 889 794 turn
906 733 1023 795 ordine
1045 753 1143 815 quem
1163 735 1243 798 inter
1265 757 1295 802 se
1357 795 1358 798 ,

219 837 390 908 haberent,
404 833 548 895 divinam
573 830 820 912 perfectionem,
835 839 995 911 quantum
1012 840 1174 913 poterant,
1186 852 1293 917 repre·

220 942 397 997 sentarent.
865 999 872 1011 ,
928 976 931 981 -

259 1033 292 1094 2⁰
308 1032 368 1105 Qui
383 1029 498 1093 mundi
516 1029 683 1110 opificium
693 1027 841 1108 perfecit,
852 1030 1037 1093 ostenditse
1049 1030 1233 1095 absolutum
1244 1033 1290 1098 do-

219 1132 348 1195 minum
365 1148 434 1192 esse
449 1138 480 1191 et
496 1127 639 1190 materiae
655 1136 685 1189 et
697 1127 887 1208 spirituum.
905 1129 985 1191 Nam
1002 1130 1172 1191 materiam
1190 1128 1296 1193 lorna-

219 1232 265 1292 vit
280 1228 391 1311 prouti
407 1227 520 1300 voluit,
539 1226 692 1307 ipsasque
708 1232 834 1289 atomos
844 1225 912 1287 suis
927 1225 1054 1306 legibus
1067 1227 1298 1310 obligaviuspi·

220 1331 303 1391 ritus
318 1345 395 1391 vern
422 1327 583 1388 humanos
605 1324 800 1405 corporibus
817 1323 935 1386 intimo
957 1326 1208 1407 necessarieque
1223 1345 1297 1391 nexu

173 1499 176 1505 ,
219 1427 400 1507 conjunxit.
418 1424 479 1488 Sed
489 1440 586 1485 nemo
594 1421 751 1484 aliushoc
764 1421 1030 1502 paetodominari
1044 1431 1232 1503 poteratseu
1240 1442 1296 1486 ma·

218 1520 1297 1605 teriaeseuspiritibus,nisietmateriaeetspirituumereatordlrgo.

258 1625 293 1687 δ’
314 1624 348 1686 Si
376 1622 455 1703 quid
481 1620 614 1682 materia
644 1637 703 1700 per
725 1637 759 1681 se
781 1618 909 1682 efficere
931 1630 1069 1701 poterat,
1093 1639 1172 1684 sane
1197 1622 1227 1683 vi
1242 1623 1297 1684 sibi

219 1720 383 1786 essentiali
401 1721 465 1782 hoc
480 1718 619 1780 fecisset.
637 1718 744 1799 Atque
759 1718 807 1780 vis
831 1719 975 1781 materie
1000 1720 1184 1783 essentialis
1199 1721 1299 1802 inepta

127 1849 131 1856 ·
219 1831 287 1886 erat
308 1819 443 1903 prorsus
464 1817 504 1879 ad
535 1817 650 1879 mnndi
679 1816 921 1882 formationem.
945 1816 1024 1881 Nam
1048 1818 1097 1880 vis
1126 1818 1299 1881 essentialis

218 1923 361 1982 materiae
378 1926 426 1979 est
440 1917 488 1978 vis
504 1915 691 1989 resistendi,
710 1934 783 1995 quae
798 1932 857 1997 per
868 1935 902 1979 se
915 1935 981 1980 non
995 1917 1060 1998 agit
1076 1918 1139 1979 nisi
1165 1919 1221 1981 uni
1234 1935 1298 1981 eor·

219 2020 289 2101 pori
306 2018 394 2082 aliud
406 2035 527 2097 corpus
542 2015 763 2078 admoveatur.
780 2015 844 2078 Sed
857 2015 986 2078 nullum
1001 2034 1121 2097 corpus
1136 2018 1300 2081 admovere

219 2139 253 2182 se
270 2126 374 2201 potest
398 2116 492 2178 alteri
509 2133 569 2196 per
585 2132 637 2189 se;
655 2115 733 2195 qnia
749 2115 877 2178 nullum
893 2134 1013 2197 corpus
1030 2123 1134 2196 potest
1149 2135 1184 2178 se
1202 2116 1299 2179 deter-

218 2218 346 2280 minare
367 2215 407 2278 ad
435 2222 572 2278 motum.
597 2214 681 2294 Ergo
708 2231 815 2295 neque
841 2215 1014 2279 resistendi
1036 2215 1084 2278 vis
1109 2215 1249 2278 transire
1265 2214 1299 2276 ad

217 2324 325 2380 actum
350 2321 475 2396 poterat
500 2313 571 2375 sine
595 2311 704 2392 primo
730 2312 843 2393 aliquo
862 2322 1001 2389 metere,
1019 2314 1075 2394 qui
1098 2331 1217 2394 corpus
1238 2332 1302 2376 esse
1361 2316 1362 2327 ³

217 2432 284 2477 non
302 2421 407 2495 potest
422 2409 506 2490 (192,
522 2411 579 2489 5⁰).
593 2409 657 2473 Sed
674 2419 829 2491 praeterea
844 2411 884 2473 ad
905 2411 1019 2474 mnndi
1037 2412 1301 2477 constitutionem

217 2510 471 2594 requirebantur
492 2508 708 2585 attractionis,
732 2508 940 2584 cohaesionis‚
967 2508 1134 2590 affinitatis
1156 2511 1253 2585 vires,
1274 2519 1303 2572 et

164 2636 169 2653 κ
214 2611 317 2683 calor,
331 2618 362 2672 et
374 2610 441 2682 lux,
455 2617 487 2670 et
502 2606 708 2681 electricitas,
722 2613 753 2669 et
761 2606 1007 2687 magnetismus.
1019 2607 1117 2689 Atqui
1132 2609 1182 2671 lrae
1194 2625 1303 2672 omnes

215 2708 301 2771 vires
317 2707 475 2770 resultant
490 2704 624 2786 quidem
640 2722 679 2766 ex
694 2705 725 2767 ri
742 2703 929 2780 resistendi,
948 2705 1004 2768 sed
1018 2723 1085 2770 non
1098 2726 1136 2769 ex
1152 2706 1210 2769 illa
1224 2708 1302 2780 sola,

216 2815 248 2869 at
259 2806 365 2887 posita
380 2805 509 2867 actione
524 2803 670 2878 alterius,
688 2806 744 2883 qul
760 2801 1009 2883 ponderabilem
1024 2804 1195 2868 materiam
1221 2804 1302 2867 iutra

217 2901 515 2984 imponderabilem
542 2910 728 2980 opportune
757 2899 976 2977 distribuerit,
1001 2919 1038 2964 ae
1070 2911 1179 2966 motus
1200 2903 1304 2966 varios

215 3001 388 3082 utriusque
404 3000 521 3063 atomis
535 2999 751 3078 impresserit.
768 3000 841 3062 llaec
862 3009 971 3061 autern
986 2999 1176 3064 distributio
1198 3011 1232 3065 et
1250 3001 1304 3064 ille

215 3101 378 3182 impulsus
397 3097 674 3180 sapientissimam
687 3105 830 3160 mentem
847 3097 1056 3178 postulabant
1065 3121 1078 3174 ;
1095 3109 1302 3172 namnetum,

187 3278 190 3281 ¹
213 3199 312 3263 veluti
330 3198 365 3261 in
380 3198 540 3278 germine,
564 3196 713 3259 futurum
742 3197 829 3259 hune
843 3196 998 3260 ordinem
1018 3197 1190 3260 continere
1206 3197 1303 3260 debe·

199 3295 421 3377 ‘bantltrgo

256 3396 290 3459 4⁰
306 3394 399 3458 Unde
415 3393 534 3454 iterum
550 3391 597 3453 sie
612 3409 726 3471 arguo.
743 3393 805 3466 Qui
823 3393 1007 3456 materiales
1022 3403 1149 3457 atomos
1172 3394 1304 3466 creavit,

216 3511 327 3557 creare
342 3509 395 3553 eas
408 3507 474 3552 uon
491 3489 610 3570 potuit,
626 3488 690 3551 nisi
708 3488 824 3570 aliquo
837 3492 937 3553 modo
953 3492 1140 3572 dispositas,
1156 3501 1188 3560 et
1204 3492 1256 3554 vel
1272 3492 1305 3553 in

216 3594 326 3674 quiete
339 3591 388 3654 vel
403 3589 436 3651 in
453 3596 544 3650 motu
559 3590 763 3651 constitutas.
787 3587 883 3651 Nefas
899 3599 1006 3652 autem
1023 3591 1222 3666 existimare,
1240 3589 1306 3672 pri·

214 3678 362 3757 mitivam
378 3689 468 3750 illam
485 3686 738 3767 dispositionem
754 3688 827 3748 sine
849 3687 1002 3763 consilio,
1024 3706 1062 3751 ac
1078 3689 1150 3752 sine
1175 3706 1306 3751 summo
1343 3629 1363 3737 i

214 3789 368 3860 consilio,
396 3796 576 3849 creatorem
605 3785 828 3861 constituisse,
858 3795 913 3848 aut
940 3789 1087 3870 singulas
1113 3801 1240 3853 atomos
1271 3786 1304 3848 in

213 3887 326 3969 quiete
338 3885 387 3949 vel
395 3892 486 3947 motu
499 3885 734 3963 incogitantem
748 3882 907 3963 posuisse.
918 3883 1101 3966 Utrumque
1114 3903 1191 3966 ergo
1205 3904 1246 3947 ex
1255 3886 1305 3947 in·

210 3985 361 4049 tentione
376 3983 512 4061 alieuius
525 3982 599 4045 linis
611 3982 729 4045 effecit.
746 3983 844 4063 Atqui
859 3993 985 4064 poterat
995 3995 1122 4049 atomos
1134 3986 1178 4048 ita
1192 3984 1306 4067 dispo·
