2792 4600
166 334 236 398 lta
626 349 797 395 unrouoen.

213 467 284 531 Non
299 468 427 530 tandem
440 469 565 529 extrahi
579 485 618 528 er
630 466 693 526 alia
706 463 885 527 substantia
901 462 1059 544 simplici.
1073 462 1119 525 Cu
1170 461 1259 524 enim

165 566 353 627 substantia
375 565 513 646 simplex
537 573 642 644 partes
665 581 730 626 non
755 561 882 638 babeat,
907 562 991 625 nibil
1016 570 1119 643 potest
1137 561 1261 642 abipsa

169 661 300 725 trivetti.

215 761 392 823 Pnoresrrro
410 762 447 824 V.
472 760 655 825 Substantia
678 761 846 841 composita
867 772 893 823 et
910 760 1049 841 partiam
1063 758 1261 822 dissolutione

167 859 271 938 perire
290 867 385 939 potest
401 869 429 922 et
444 879 498 940 per
518 861 788 923 annihilationem.
813 858 995 923 Substantia
1013 869 1115 921 autem
1128 855 1258 936 sirnpten

167 955 361 1020 solummodo
371 976 424 1039 per
437 959 712 1021 annihilationem.

215 1056 355 1137 Utraque
372 1075 445 1136 pars
458 1058 539 1119 nulli
558 1059 659 1120 dubia
674 1075 744 1118 esse
762 1066 877 1138 potest,
894 1056 950 1136 qui
968 1055 1095 1118 noverit
1110 1072 1168 1116 ens
1180 1051 1258 1115 sim·

173 1153 249 1233 pler
264 1172 374 1216 carere
391 1154 551 1235 partibus.

633 1301 795 1347 Anniculus
812 1302 846 1347 lt.

260 1418 327 1478 *De
353 1417 592 1480 enuntiabilinm
620 1418 704 1478 circo
733 1436 778 1477 res
807 1417 1015 1495 continuantes
1041 1415 1176 1498 veritate.

213 1547 287 1610 375.
307 1547 521 1611 subtiliorem
546 1551 629 1610 banc
650 1548 877 1628 questionem,
894 1564 1082 1627 quanquam
1096 1545 1165 1626 eius
1182 1563 1261 1625 pro·

173 1649 247 1727 pria
262 1647 354 1708 sedes
373 1649 406 1708 iu
424 1646 529 1727 logica
544 1646 597 1721 sit,
617 1648 681 1709 buc
697 1657 804 1708 tamen
822 1645 932 1727 rejeci,
950 1656 985 1708 ut
1000 1645 1163 1706 laciliusa
1180 1645 1262 1706 tiro·

174 1744 274 1807 nibus
293 1747 540 1824 intelligeretur.
561 1747 703 1820 Quaestio
725 1755 784 1817 est,
805 1746 973 1826 quomodo
995 1744 1028 1805 id
1045 1744 1134 1824 quod
1158 1743 1265 1822 logica

172 1844 282 1934 decet,
305 1844 598 1907 contradicentium
620 1843 876 1906 enuntiabilinm
893 1845 1030 1904 alterum
1050 1861 1120 1903 esse
1136 1857 1263 1914 verum,

172 1941 314 2003 alterum
342 1941 472 2014 falsum,
497 1942 538 2003 de
563 1942 823 2004 enuntiabilibus
845 1940 1113 2021 contingentibus
1141 1938 1265 2001 iutelli-

173 2040 318 2117 gcndurn
333 2039 386 2101 sit.
404 2039 448 2100 De
466 2040 506 2100 iis
524 2040 613 2100 euim
629 2038 888 2101 enuntiabilibus
904 2057 976 2119 quae
988 2040 1075 2099 circa
1092 2037 1263 2100 materiam

107 2198 110 2205 ,
176 2137 394 2197 necessariam
418 2146 599 2210 versantur,
623 2137 715 2198 nulla
731 2146 779 2197 est
795 2135 982 2200 difficultas.
1000 2136 1121 2199 Revera
1135 2154 1211 2199 cum
1229 2137 1262 2197 id

175 2235 267 2315 quod
286 2236 505 2298 necessarium
527 2250 585 2308 est,
603 2235 645 2298 sit
659 2234 725 2315 jam
742 2235 776 2296 in
796 2254 891 2299 causa
906 2235 1171 2309 determinatum,
1187 2253 1264 2316 pro·

176 2342 261 2397 tecto
282 2335 445 2415 quidquid
468 2336 581 2414 aliquo
603 2336 702 2397 morlo
724 2337 943 2398 necessarium
962 2346 1022 2411 est,
1049 2336 1266 2398 determinate

174 2445 367 2507 aeramen,
389 2444 420 2494 et
441 2433 604 2521 quidquid
629 2434 677 2494 illi
702 2432 882 2512 opponitur
895 2435 1110 2496 determinate
1132 2433 1263 2496 falsum.

174 2531 216 2592 At
228 2549 302 2592 cum
317 2550 367 2592 res
384 2532 609 2609 contingentes
622 2531 765 2611 quodam
780 2540 927 2611 ternpore
942 2534 1019 2604 sint,
1037 2531 1181 2611 quodam
1195 2532 1265 2595 alio

175 2631 336 2703 nausiet,
361 2646 558 2709 causamque
578 2629 719 2690 habeant
741 2628 981 2692 indifferentem
997 2629 1037 2691 ad
1055 2629 1264 2708 utrumlibet,

175 2727 322 2789 dubitari
341 2736 455 2806 potest,
473 2743 513 2788 an
529 2746 567 2788 ex
585 2726 847 2788 enuntiabilibus
863 2726 1165 2789 corrtradicentibus
1176 2727 1267 2789 circa

174 2844 228 2888 res
242 2823 429 2904 hujusmodi
438 2825 575 2887 alterum
587 2824 630 2886 sit
642 2824 855 2887 determinate
866 2842 991 2900 verum,
1005 2825 1144 2887 alterum
1157 2825 1265 2888 deter-

176 2924 300 2986 minate
317 2922 444 2984 laisum.
523 2910 526 2913 ’

219 3022 291 3085 574.
320 3022 390 3083 tarn
416 3021 443 3082 si
470 3019 687 3081 enuntiabilia
711 3023 779 3082 lraec
799 3019 867 3081 sint
895 3018 935 3081 de
958 3021 1122 3098 praeterito
1149 3031 1205 3083 aut
1224 3020 1269 3083 de

173 3108 339 3202 praesersti,
358 3117 452 3180 facile
463 3117 648 3180 concedunt
665 3134 790 3192 omnes,
809 3116 1057 3179 determinatam
1074 3116 1140 3179 illis
1156 3118 1268 3183 inesse

172 3217 400 3280 veritatemltcl
411 3214 596 3277 falsitatem.
606 3214 816 3279 Euantiabile
830 3217 918 3276 enirn
928 3215 1268 3280 determinateverum

174 3326 226 3379 est
240 3313 435 3386 antianum,
454 3314 563 3393 prouti
580 3331 631 3374 res
653 3329 804 3392 expressa
822 3330 880 3392 per
895 3311 1090 3392 subjectum,
1108 3314 1267 3377 determi-

175 3424 252 3478 nate
270 3430 317 3475 est
334 3423 389 3473 aut
411 3421 542 3473 nonest
563 3420 597 3472 ut
619 3410 796 3491 predicato
818 3409 1017 3490 exprimitur
1032 3409 1078 3487 lb.
1098 3410 1183 3489 574).
1199 3412 1266 3476 Sed

176 3516 213 3576 in
243 3508 504 3574 enuntiabilibus
524 3509 594 3571 istis
616 3511 658 3571 ita
685 3528 719 3570 se
746 3508 844 3570 habet
867 3526 943 3572 res:
963 3526 1078 3571 omnes
1097 3510 1185 3571 enim
1215 3511 1268 3573 rei

175 3610 364 3674 affectiones
383 3610 450 3688 jam
471 3620 547 3669 suut
565 3625 711 3688 persnas
727 3625 840 3668 causas
862 3607 1097 3668 determinatae.
1116 3608 1200 3688 Ergo
1213 3610 1269 3672 vel

174 3710 304 3774 affectio
320 3725 378 3789 per
394 3706 604 3789 prndicatutn
625 3723 777 3786 expressa
790 3705 851 3766 luit
863 3705 930 3783 jam
950 3705 984 3766 in
999 3723 1047 3780 ro,
1064 3714 1094 3766 et
1113 3708 1268 3771 enuntia·

175 3808 244 3871 bile
259 3811 321 3870 erit
337 3806 550 3869 determinate
562 3821 693 3880 veruur;
707 3803 756 3865 vel
771 3821 837 3867 nan
853 3803 926 3877 luit,
939 3813 971 3866 et
982 3804 1184 3866 enuntiabile
1201 3806 1270 3868 erit

175 3905 393 3969 determinate
406 3904 536 3965 falsum.

215 4003 290 4067 575.
314 4004 376 4068 Sed
397 4021 434 4065 ea
455 4020 527 4084 quae
548 4010 624 4063 sunt
643 4000 684 4062 de
705 3998 907 4080 contingenti
928 3997 1053 4077 tuturo,
1071 4017 1137 4064 non
1155 4001 1199 4063 ita
1229 4021 1269 4065 se
