2792 4600
186 298 247 363 tlt
632 315 824 362 cosnouocn.

186 439 291 494 erunt.
309 429 394 512 Ergo
410 432 466 512 qui
485 431 569 493 hanc
585 432 779 512 opinionem
792 500 794 504 ,
805 432 952 513 recipere
967 431 1096 506 vellent,
1114 432 1137 494 ii
1154 432 1277 495 chimi-

186 550 258 594 cam
285 531 468 607 scientiam,
495 543 524 593 et
548 549 606 612 per
630 533 692 595 boc
715 531 858 613 physice
881 531 1040 594 universae
1062 530 1278 595 fundamenta

186 630 309 694 directe
324 640 564 711 oppugnarent,
582 648 618 693 ac
633 630 763 711 penitus
778 630 1013 704 subverterent,

228 732 258 792 ie
281 732 357 793 Post
369 730 454 791 hanc
469 729 607 802 cladem,
624 747 781 810 quasnam
800 729 823 791 ii
840 729 955 791 afferre
971 731 1098 809 possint
1115 729 1276 793 laetorum

187 829 420 909 explicationes
432 826 500 909 jam
516 829 658 890 vidimus
674 829 736 905 (58,
753 826 815 902 to).
833 829 894 902 Qui
923 830 1032 908 itaque
1060 829 1122 890 hoe
1137 836 1279 907 systema

187 926 326 990 suadere
340 926 447 1000 vellet,
468 927 555 988 bunc
569 943 646 987 sane
671 942 746 987 ante
772 927 884 988 omnia
902 927 963 989 boc
978 927 1011 987 in
1027 944 1062 987 se
1076 943 1160 988 onus
1175 925 1279 988 susci·

141 1053 143 1060 v
188 1030 264 1106 pere
280 1034 456 1111 oporteret,
475 1034 510 1087 ut
525 1025 682 1086 cbimiam
699 1024 843 1104 aliquam
861 1025 1106 1105 peripateticam
1136 1024 1278 1087 confice·

187 1133 248 1199 ret,
271 1123 403 1186 chimiae
425 1123 573 1185 atomicae
595 1122 668 1185 loco
684 1122 909 1185 subiciendam
924 1141 933 1199 ;
950 1133 981 1185 at
996 1131 1083 1185 certe
1098 1121 1278 1204 ejusmodi,

188 1240 259 1302 quae
275 1221 387 1302 aliquo
403 1221 502 1284 modo
519 1220 658 1301 intelligi
674 1231 794 1301 posset,
810 1234 840 1283 et
856 1222 1087 1301 probabilitate
1102 1238 1169 1303 non
1186 1239 1277 1284 eare-

187 1328 247 1383 ret.
274 1319 364 1381 Tunc
393 1321 502 1400 itaque
530 1319 674 1390 tandem,
706 1338 808 1400 quum
827 1321 895 1382 lraec
911 1339 992 1382 nova
1008 1320 1132 1383 chimia
1148 1329 1279 1400 reperta

187 1416 296 1492 luerit,
311 1435 376 1480 una
392 1417 528 1480 scientia
543 1436 618 1480 cum
634 1417 735 1480 altera
751 1430 948 1499 comparata,
965 1418 1083 1481 adduci
1102 1418 1135 1481 in
1151 1418 1281 1483 delibe-

188 1515 347 1578 rationem
365 1516 496 1595 poterit‚
513 1525 624 1578 utrum
641 1516 764 1577 chimia
781 1517 841 1577 bac
862 1527 973 1579 nostra
998 1517 1128 1597 rejecta,
1151 1517 1278 1581 chimia

190 1613 399 1692 peripatetica
414 1614 515 1694 recipi
531 1625 708 1678 mereatur.

229 1713 260 1774 5⁰
282 1712 415 1776 loterim
431 1716 572 1794 quisque
588 1714 675 1776 videt
690 1731 788 1794 quam
805 1714 986 1777 absurdum
1003 1703 1177 1778 dissidium
1192 1715 1279 1778 inter

189 1813 357 1892 physicam
385 1813 568 1888 scientiam,
592 1831 656 1893 qua
680 1825 790 1876 nostra
813 1814 931 1877 merito
953 1814 1113 1894 gloriatur
1134 1823 1222 1890 aetas,
1247 1823 1280 1876 et

189 1911 444 1990 metaphysieam
471 1911 570 1973 modo
592 1910 827 1985 exardesceret,
855 1912 882 1973 si
898 1911 1082 1974 doctrinam
1099 1929 1197 1991 quam
1214 1912 1278 1973 im·

190 2028 382 2091 pugnamus,
397 2010 609 2090 metaphysici
627 2012 820 2091 reciperent.
835 2010 993 2091 Physicus
1007 2028 1085 2073 sane
1097 2011 1278 2091 explicatu-

189 2127 244 2171 rus
259 2127 435 2189 corporum
448 2119 610 2185 naturam,
629 2110 692 2172 boo
707 2108 806 2189 primi
821 2110 974 2189 postulati
991 2111 1063 2172 loco
1080 2111 1280 2189 praemittere

190 2217 379 2288 cogeretur:
398 2223 602 2288 quaecunque
620 2209 786 2270 haedere
803 2209 1016 2289 metaphysici
1033 2209 1208 2280 disserunt,
1225 2226 1278 2270 ar·

190 2307 324 2371 bitraria
339 2319 370 2370 et
383 2308 461 2370 lalsa
476 2326 564 2384 esse;
579 2318 609 2371 et
625 2328 642 2370 e
658 2308 824 2371 contrario
841 2309 1080 2389 metaphysicus
1095 2311 1157 2371 boc
1170 2309 1281 2391 primo

190 2406 356 2487 principio
383 2425 459 2469 suos
485 2407 651 2473 auditores
667 2406 817 2469 imbuere
832 2406 987 2470 deberet:
1005 2407 1133 2470 theoria
1147 2425 1276 2481 oannes,

189 2523 368 2586 omnesque
378 2506 535 2568 lectorum
549 2505 781 2586 explicationes
794 2507 1062 2586 quasacbimicis
1075 2506 1278 2581 didicerunt,

189 2604 302 2667 inanes
318 2624 388 2667 esse
402 2619 433 2667 et
448 2606 649 2685 rejiciendas.
669 2604 690 2665 F
693 2615 764 2667 oret
778 2624 818 2667 ne
833 2605 1008 2667 dissidium
1027 2605 1214 2685 huiusmodi
1231 2604 1274 2667 ad

190 2703 410 2782 philosopbiae
425 2722 482 2765 seu
498 2704 689 2783 dignitatem
703 2704 907 2777 servandam,
924 2720 981 2764 seu
1000 2702 1181 2782 proiectum
1198 2721 1276 2783 pro·

190 2801 387 2864 movendum
403 2801 649 2882 opportunum?

218 2900 281 2964 85.
303 2901 366 2963 Sed
384 2912 500 2980 praeter
516 2902 595 2973 haeo,
613 2909 775 2980 quaesunt
791 2898 942 2980 opinioni
971 2899 1049 2962 buic
1075 2917 1149 2961 cum
1176 2900 1278 2962 veteri

188 3000 458 3063 scholasticorum
489 3008 661 3081 systemate
694 3000 895 3072 communia,
920 2997 1118 3077 quibusdam
1141 2998 1279 3080 insuper

188 3098 303 3179 opinio
336 3099 450 3160 eadem
479 3098 542 3160 sibi
578 3097 721 3178 propriis
745 3105 888 3176 ¹urgetur
910 3095 1169 3172 difficultatibus,
1204 3115 1280 3178 quae

188 3197 430 3260 inextricabiles
443 3216 512 3259 esse
528 3188 693 3259 videntur.

228 3299 307 3357 Nam
323 3296 353 3358 l⁰
375 3295 432 3376 qui
447 3296 489 3358 ita
504 3296 694 3376 opinantur,
713 3295 828 3376 procul
845 3293 948 3358 dubio
964 3296 1203 3359 elementorum
1219 3313 1280 3359 no·
1348 3288 1350 3292 ’

187 3396 277 3458 mine
308 3413 376 3457 non
411 3395 600 3476 intelligunt
621 3384 763 3476 quatuor
786 3395 854 3470 illa,
878 3414 988 3471 ocrem,
1012 3396 1124 3476 ignem,
1149 3403 1276 3470 terrem,

187 3512 318 3575 equam
335 3493 391 3555 sed
408 3502 444 3555 ut
465 3495 618 3568 arbitror,
637 3493 835 3556 substantias
851 3492 935 3566 illas,
953 3510 1032 3573 quas
1044 3493 1179 3555 chimici
1197 3493 1281 3554 sim·

187 3592 288 3673 plicas
304 3602 429 3668 vocant,
447 3611 520 3673 quae
532 3592 669 3674 quidem
685 3601 762 3652 sunt
777 3601 842 3653 tres
857 3591 990 3652 circiter
1005 3609 1043 3652 ac
1055 3594 1232 3671 sexaginta.

227 3689 327 3772 Atqui
344 3691 434 3754 nulla
449 3701 497 3754 est
512 3691 553 3752 iis
568 3693 652 3754 ratio
669 3709 729 3753 eur
745 3691 803 3752 has
826 3699 882 3752 aut
897 3689 971 3751 illas
985 3689 1182 3752 substantias
1208 3689 1282 3752 ele·

187 3801 349 3854 mentares
364 3791 543 3870 appellent.
555 3788 627 3852 Non
644 3790 734 3851 enim
752 3789 836 3851 bane
847 3788 1100 3870 appellationem
1115 3790 1278 3869 usurpare

187 3899 324 3970 possunt
339 3907 435 3951 sensu
452 3899 597 3951 veterum
613 3905 621 3965 ;
638 3905 714 3949 nam
747 3896 887 3967 quatuor
916 3885 982 3948 illae
996 3885 1185 3948 substantia
1201 3885 1279 3948 ideo

187 3986 227 4049 ab
243 3987 290 4050 eis
305 3988 462 4051 elementa
477 3987 739 4069 appellabantur,
757 3985 835 4068 quia
850 4004 903 4049 eas
931 3986 1030 4048 mixta
1055 3985 1166 4049 omnia
1187 3999 1280 4049 eom·
