2792 4600
209 401 280 467 :300
665 417 856 465 cosuouocu,

210 528 281 594 boc
297 533 367 613 ipso
382 531 513 595 aetheris
526 531 705 596 vibratorio
721 542 812 596 motu
827 531 988 594 contineri
1005 548 1116 608 ;soues
1131 530 1166 593 in
1181 549 1216 594 se
1228 549 1300 594 esse

200 639 328 693 motus
343 631 537 695 vibratorios
563 633 677 708 medii,
696 631 729 694 in
747 649 885 712 corpore
899 649 976 695 vero
998 649 1120 694 sonoro
1136 639 1244 695 motus
1259 631 1308 693 vi·

217 728 384 795 bratorios
400 731 638 793 molecularum
669 731 726 811 qui
743 729 855 792 medio
881 730 1168 792 communicantur
1182 747 1190 805 ;
1206 730 1311 792 odores

183 857 189 864 -
218 845 291 888 esse
307 828 483 909 particulas
505 845 681 909 corporum
698 828 732 887 in
757 845 831 889 aere
847 825 1023 908 dispersas,
1040 828 1134 909 queis
1159 827 1310 908 aptitudo

218 925 306 987 inest
321 926 359 988 ad
382 928 588 990 membranas
608 925 755 988 sensitivi
777 925 926 1006 corporis
949 913 1168 1003 vellicandas;
1190 947 1310 1008 sapores

217 1024 438 1104 aptitudinem
455 1044 631 1107 corporum
646 1025 686 1087 ad
701 1025 870 1106 organicas
886 1026 1024 1106 papillas
1036 1025 1211 1090 movendas
1226 1043 1235 1101 ;
1251 1026 1310 1088 du·

212 1112 332 1199 sillem,
348 1127 515 1200 mollitiem,
533 1135 731 1205 caeterasque
745 1124 872 1186 tactiles
894 1123 1075 1203 qualitates
1091 1124 1168 1186 sitas
1186 1143 1258 1187 esse
1275 1123 1308 1185 in

218 1223 337 1303 majori
350 1225 398 1286 vel
411 1223 532 1286 minori
542 1224 691 1303 corporis
700 1221 884 1284 resistentia
896 1219 937 1282 ab
945 1219 1172 1302 aggregatione
1183 1220 1310 1283 diversa

219 1320 455 1385 molecularum
468 1319 686 1399 dependente.

261 1419 332 1482 lam
350 1420 417 1480 baec
436 1419 556 1490 ,omnia
576 1417 608 1478 in
631 1415 781 1494 sensibili
810 1415 1005 1497 qualitatum
1025 1413 1311 1494 repraesentatione

218 1534 288 1581 non
301 1516 509 1589 exhibentur,
524 1515 581 1577 sed
594 1533 710 1577 eorum
723 1515 796 1577 loco
809 1513 959 1595 quaedam
973 1531 1045 1593 quae
1057 1513 1182 1593 percipi
1196 1513 1311 1594 utiqus

219 1625 370 1697 possunt,
388 1615 444 1677 sed
461 1615 648 1678 nullatenus
665 1613 796 1676 deliniri
812 1622 867 1674 aut
885 1611 1056 1675 declarari.
1072 1610 1170 1693 Ergo.

263 1714 334 1779 205.
360 1714 538 1777 Puorosmo
553 1713 595 1777 ll.
623 1713 680 1777 list
692 1712 862 1774 similitudo
876 1711 956 1773 iuter
977 1710 1141 1790 qualitates
1159 1710 1312 1772 sensibiles

218 1814 354 1876 absolute
367 1821 527 1894 spectatas,
543 1822 571 1878 et
586 1813 774 1876 materialem
788 1812 1019 1893 impressionem
1029 1827 1123 1891 quum
1134 1811 1170 1872 iu
1183 1811 1312 1892 orpuuis

217 1921 361 1975 causaest.

265 2008 299 2073 ld
317 2006 527 2072 manifestum
544 2016 591 2070 est
607 2008 641 2068 in
659 2007 700 2068 iis
715 2006 941 2087 qualitatibus,
964 2024 1036 2087 quae
1052 2016 1151 2087 agunt
1165 2024 1225 2087 per
1240 2024 1312 2071 mo·

220 2116 293 2169 tum
309 2107 422 2180 medii,
436 2106 502 2168 sive
516 2105 803 2187 imponderabilis,
818 2105 885 2167 sive
898 2105 1135 2185 ponderabilis.
1149 2106 1210 2169 llic
1220 2104 1314 2198 enirn

220 2215 330 2268 motus
347 2206 417 2286 ipse
432 2205 564 2285 organis
576 2206 849 2267 communicatur.
867 2205 935 2268 lloo
951 2213 1045 2285 pacto
1058 2215 1166 2268 motus
1180 2206 1315 2269 aelberls
1378 2223 1379 2276 ;

192 2369 197 2374 ,
219 2304 381 2368 luminosi
398 2305 536 2366 retinam
561 2305 726 2380 immutat,
745 2313 779 2366 ut
796 2312 931 2385 apparet
946 2322 985 2366 ex
999 2304 1180 2381 coloribus,
1197 2305 1257 2386 qui
1277 2307 1313 2369 in
1378 2380 1379 2385 γ

220 2403 501 2483 ipsaadamussim
510 2403 740 2484 exprimuntur
754 2403 1003 2480 ;itacaloricum
1016 2404 1198 2484 incorpore
1210 2405 1317 2467 sensi·

220 2502 289 2564 tivo
312 2510 360 2563 est
379 2482 593 2564 materialiter
609 2502 754 2582 idipsum
774 2501 862 2582 quod
886 2503 920 2562 in
936 2518 1074 2581 corpore
1090 2519 1316 2582 quocunque:
1378 2500 1379 2533 ³

220 2601 411 2682 pariterque
438 2611 546 2663 motus
575 2599 774 2663 vibratorius
804 2600 888 2662 aeris
911 2598 1027 2662 transit
1041 2618 1078 2662 ac
1106 2600 1318 2665 membranas

222 2700 370 2781 tympani
392 2717 429 2762 ac
459 2698 630 2762 foraminis
660 2698 774 2774 ovalis,
799 2698 874 2762 dein
904 2698 945 2760 ad
970 2699 1142 2762 humorem
1171 2717 1318 2781 aqueum

221 2798 416 2878 labyrinthi,
434 2816 471 2860 ac
486 2798 615 2860 tandem
631 2798 671 2859 ad
694 2816 809 2862 nervos
826 2797 998 2860 acusticos.
1300 2812 1303 2816 “

267 2897 320 2960 Eae
336 2916 412 2959 vero
428 2895 600 2977 qualitates
617 2915 689 2977 quae
712 2906 839 2960 motum
865 2915 931 2961 non
949 2895 1135 2972 includunt,
1153 2899 1210 2961 sed
1232 2917 1317 2963 cou-

222 3006 312 3061 tactu
325 2997 471 3066 materiae
489 2995 715 3076 ponderabilis
735 3006 936 3074 exercentur,
955 2999 1002 3061 uti
1023 2998 1245 3072 metodorus,
1263 3016 1316 3060 sa·

128 3116 129 3119 ¹
222 3115 323 3179 poros
339 3106 370 3159 et
393 3094 565 3177 qualitates
596 3113 710 3158 omnes
739 3094 877 3171 mutiles,
905 3099 1012 3161 calore
1027 3107 1161 3179 excepto
1177 3097 1319 3178 ejusque

222 3196 421 3278 privatione,
452 3212 525 3274 quae
548 3193 651 3271 frigus
668 3203 727 3269 est,
747 3194 796 3255 lrae
816 3193 951 3274 inquam
967 3197 1140 3276 qualitates
1161 3213 1234 3258 cum
1254 3195 1318 3258 im·

223 3293 453 3376 pressionibus
470 3309 551 3372 quas
567 3291 713 3354 efficiunt
729 3293 764 3354 in
779 3293 911 3373 organis
930 3313 1001 3357 eam
1017 3304 1103 3358 certe
1118 3293 1317 3357 similitudi·

221 3410 301 3454 nem
319 3391 451 3464 babent,
469 3407 542 3470 quae
558 3389 644 3451 inter
658 3407 789 3451 causam
805 3402 835 3453 et
851 3390 1000 3454 effectum
1024 3392 1207 3455 necessario
1222 3408 1319 3472 repe·

222 3491 309 3554 ritur
326 3489 374 3569 (0.
391 3489 476 3566 265).
1275 3478 1277 3483 ’

266 3589 339 3655 006.
368 3589 548 3656 P'norosrrio
579 3582 634 3646 lll.
671 3584 906 3665 Reproesmtctio
931 3587 1050 3650 semilis
1078 3586 1243 3668 conformis
1273 3597 1318 3652 est

221 3686 422 3770 qualitatibus
449 3683 653 3757 sensibilibus,
684 3702 749 3745 ooo
777 3683 923 3761 obsolute,
947 3687 997 3747 sed
1020 3687 1145 3749 relative
1158 3688 1316 3768 spectatis,

220 3804 329 3866 meuspe
343 3793 379 3846 ut
392 3789 492 3864 cpont
502 3781 538 3842 iu
551 3778 683 3861 subjecto
697 3780 852 3843 sentiente.

265 3885 334 3948 Hoc
356 3884 423 3964 jam
440 3878 644 3944 ostendimus
661 3879 695 3941 in
723 3879 827 3958 logica
849 3889 962 3943 contra
989 3882 1150 3963 scepticos
1174 3883 1220 3963 (L.
1236 3882 1315 3950 500.

217 3984 256 4044 -l0
270 4000 279 4057 ;
294 3979 366 4060 505)
382 3998 391 4057 ;
408 3999 496 4043 nunc
510 3988 619 4041 autem
635 3997 690 4041 eos
704 3978 904 4059 impetimus,
920 3980 975 4060 qui
989 3980 1116 4061 opinati
1132 3992 1208 4044 sunt
1222 3981 1315 4044 arbi·

219 4079 325 4144 trario
338 4079 675 4142 lereconstitutumab
688 4085 820 4142 auctore
833 4086 968 4155 naturae,
982 4089 1017 4142 ut
1025 4080 1123 4143 cerlis
1133 4097 1315 4162 corporum
