2792 4600
211 366 279 429 {34
671 394 842 441 osroxocu.

214 518 270 563 ras
286 504 488 582 extendatur,
506 510 721 588 rejiciendum
739 520 796 576 est.
815 513 848 575 Si
865 528 941 574 vero
956 511 1158 591 intelligatur
1180 508 1220 571 de
1232 524 1303 570 mo·
1369 584 1370 587 Ἴ

214 598 271 662 dis
286 605 429 681 essendi,
446 610 503 689 qui
520 628 708 692 quanquam
724 612 894 693 supposito
910 611 1016 691 agenti
1033 607 1204 672 intrinseci
1224 606 1300 681 sint,
1369 612 1370 635 ²

216 697 447 766 immediatum
473 712 582 770 tamen
598 710 800 789 operationis
826 708 1124 790 principium-non
1149 698 1300 777 afficiant,
1369 710 1370 735 ;

217 800 337 863 lalsum
354 803 388 865 in
415 805 567 886 pluribus
593 810 665 894 erit.
681 808 754 872 Non
781 809 869 871 enirn
886 828 915 872 v.
932 827 980 888 gr.
997 807 1133 870 diversae
1152 811 1229 867 sunt
1254 803 1302 864 in·
1369 834 1370 839 κ

216 896 421 965 tellectiones
438 905 583 968 hominis
599 907 742 969 sedentis
758 916 788 969 et
804 908 928 981 stantis,
946 908 971 968 si
988 917 1102 969 caetera
1119 922 1191 985 quae
1206 903 1302 965 intel·
1369 926 1370 987 3

214 996 342 1078 ligendi
358 1002 541 1065 facultatem
555 1004 712 1080 afficiunt,
731 1006 820 1085 paria
837 1004 1013 1086 utrobique
1028 1004 1105 1066 sint.

260 1098 332 1162 ill.
350 1102 390 1164 2¹¹¹
407 1101 509 1165 Causa
520 1124 619 1166 causo
632 1115 674 1167 est
688 1123 784 1167 sacac
797 1106 926 1168 causati.
943 1104 1081 1167 Ellelum
1100 1104 1163 1164 hoc
1179 1103 1211 1164 l⁰
1227 1116 1303 1180 pro·

215 1198 270 1259 cul
287 1198 390 1264 dubio
405 1219 516 1265 verum
532 1214 591 1281 est,
608 1205 634 1265 si
662 1205 865 1286 intelligatur
889 1205 930 1268 de
955 1221 1051 1267 causa
1074 1220 1147 1285 quae
1172 1217 1302 1263 oausam

214 1295 350 1358 alteram
366 1317 434 1361 nou
460 1302 559 1365 modo
586 1302 748 1383 producit,
766 1304 821 1365 sed
838 1303 935 1365 etiam
952 1303 992 1365 ad
1018 1286 1180 1383 agendum
1196 1300 1303 1361 doter-
1369 1318 1370 1321 ¹

218 1395 333 1457 minat.
348 1396 394 1460 lta
409 1409 496 1461 certe
513 1403 596 1464 Deus
611 1410 659 1463 est
681 1420 776 1465 causa
792 1402 1027 1478 vicissitudinis
1043 1401 1173 1464 dierum
1191 1417 1228 1460 ac
1247 1414 1305 1459 no·
1369 1414 1370 1477 t

215 1494 331 1570 ctium,
350 1516 422 1575 quae
438 1518 455 1561 a
469 1501 548 1564 solis
561 1502 634 1564 luce
646 1522 683 1564 ac
697 1504 828 1566 telluris
840 1513 931 1566 motu
945 1502 1105 1584 procedit.
1369 1482 1370 1505 ¹

258 1595 292 1657 2⁰
314 1596 415 1659 Causa
432 1608 539 1662 tamen
556 1621 771 1682 quaecausam
797 1603 932 1665 aiteram
948 1603 992 1664 ita
1016 1601 1221 1675 determinat,
1241 1598 1304 1660 erit
1369 1582 1370 1651 l

215 1710 312 1755 causa
329 1714 436 1774 perse
462 1715 576 1761 eorum
592 1699 776 1775 effectuum,
793 1719 877 1782 quos
892 1702 989 1763 altera
1006 1718 1064 1781 per
1087 1718 1121 1761 se
1136 1695 1301 1780 producit,
1369 1698 1370 1751 l

216 1799 250 1852 et
264 1802 358 1854 causa
377 1814 434 1874 per·
449 1798 601 1860 accidens
616 1817 743 1875 eorum,
762 1819 845 1880 quos
860 1801 960 1862 altera
975 1797 1128 1882 producit
1145 1813 1203 1876 per
1217 1797 1302 1857 acci·
1369 1788 1370 1855 ἒ

206 1893 299 1954 dens
315 1894 396 1972 (264,
409 1896 467 1974 2⁰ss
482 1898 545 1958 nisi
559 1899 607 1960 vel
622 1900 770 1962 intendat
785 1899 1018 1963 eflectumcum
1033 1896 1303 1961 alteriusactione

216 2008 284 2053 non
302 1996 486 2057 necessario
507 2014 704 2071 connexum,
722 1997 769 2059 vel
796 1990 884 2059 ltunc
909 1997 1088 2078 praevidens
1114 2014 1179 2059 nnn
1197 1996 1302 2076 impe·
1369 2016 1370 2057 ῖ

215 2090 329 2165 dicirit,
348 2093 374 2152 si
392 2093 553 2172 impedire
570 2095 664 2156 illum
681 2103 854 2174 poteratne
869 2094 1020 2157 debebat.

258 2189 293 2250 5⁰
315 2190 416 2254 Causa
431 2192 575 2267 demum,
592 2213 665 2273 quae
678 2194 753 2256 licet
765 2211 894 2257 causam
909 2194 1042 2257 alteram
1057 2191 1303 2272 producat,n0n

216 2298 323 2350 tamen
342 2289 429 2352 illam
446 2291 486 2352 ad
514 2293 676 2372 agendum
692 2293 900 2376 determinat,
918 2294 1010 2357 nullo
1025 2292 1124 2355 titudo
1140 2309 1236 2354 causa
1258 2300 1306 2354 est

217 2381 392 2451 effectuum
421 2390 536 2477 qui-ab
553 2391 614 2453 hac
629 2393 729 2454 altera
755 2392 937 2456 dimanant.
955 2393 1010 2455 Sic
1026 2401 1127 2472 pater
1151 2411 1181 2452 v.
1199 2409 1248 2470 gr.
1267 2407 1305 2452 eo
1369 2431 1370 2478 7

217 2484 307 2565 quod
336 2499 383 2553 est
409 2499 510 2568 pater,
528 2510 594 2553 non
621 2504 668 2553 est
696 2510 792 2554 causa
817 2492 996 2555 criminum
1022 2491 1093 2566 filii,
1116 2506 1306 2572 quanquam
1369 2487 1370 2570 j

219 2587 471 2671 possit-aliunde
488 2608 558 2652 esse
573 2609 687 2653 eorum
705 2608 801 2655 causa
824 2591 971 2666 moralis,
988 2592 1155 2653 autetiam
1173 2589 1308 2674 physica
1369 2575 1370 2650 ?

216 2705 390 2750 concausa.

651 2839 814 2885 sustentus
837 2839 879 2883 tv.

295 2952 407 3015 Humii
421 2955 456 3015 dc
469 2971 568 3015 cousoe
581 2954 737 3036 effluentis
755 2963 901 3036 conceptu
915 2972 1028 3015 emotas
1042 2952 1228 3031 refutantur.

260 3068 333 3131 Μ.
360 3069 497 3131 ilumius
527 3069 613 3131 inter
643 3068 857 3149 praecedeutis
883 3068 993 3131 saeculi
1022 3069 1181 3148 scepticos
1211 3067 1308 3130 facile
1369 3109 1370 3112 κ

218 3168 386 3248 princeps,
406 3168 438 3228 in
467 3168 531 3230 hoc
547 3171 725 3248 praesertim
752 3168 994 3248 scepticismum
1022 3166 1170 3237 fundauit
1195 3155 1319 3239 suum,
1369 3185 1370 3190 ¹

217 3268 309 3345 quiid
333 3284 437 3327 causae
453 3266 559 3327 ideam
576 3284 635 3328 nos
654 3266 774 3327 habere
789 3266 927 3345 negavit.
946 3264 1045 3345 Cujus
1071 3265 1140 3326 haec
1152 3272 1200 3326 est
1215 3263 1308 3326 brevi
1369 3251 1370 3332 ῗ

218 3365 428 3427 ratiocinatio
445 3366 494 3439 (t).
507 3363 542 3426 Si
559 3381 663 3425 causae
679 3363 786 3425 ideam
801 3362 942 3425 humana
958 3380 1050 3425 mens
1062 3362 1309 3452 adsequeretur,

219 3481 294 3525 earn
311 3481 376 3525 non
393 3463 527 3524 aliunde
538 3463 601 3524 sibi
618 3464 824 3537 adscisceret,
842 3478 940 3542 quam
955 3461 996 3522 ab
1009 3460 1220 3541 experientia.
1237 3460 1311 3523 lam

218 3562 263 3625 ab
285 3562 484 3641 experientia
499 3561 571 3624 idea
588 3560 778 3640 hujusmodi
795 3561 903 3623 ortuln
921 3559 1040 3622 habere
1060 3559 1186 3640 nequit.
1202 3557 1311 3638 Expe-

220 3661 342 3723 rientia
357 3662 444 3721 euim
460 3659 617 3720 iacturum
632 3658 729 3720 nobis
740 3658 981 3720 successionem
998 3656 1112 3738 utique
1127 3656 1237 3731 refert,
1250 3656 1309 3717 sed
1369 3691 1370 3696 κ

218 3762 461 3824 connexionem
478 3775 684 3838 nequaquam
700 3775 709 3819 ε
725 3775 817 3819 secus
833 3759 992 3818 sciremus
1008 3758 1042 3818 in
1059 3775 1125 3838 quo
1149 3757 1218 3819 haec
1231 3773 1313 3819 con—

220 3861 320 3924 nexio
336 3860 478 3937 reposita
502 3859 564 3931 sit;
579 3858 667 3937 quod
694 3865 802 3919 tamen
817 3858 1018 3937 ignoramus,
1034 3856 1131 3937 Atqui
1146 3857 1312 3920 connexio
1369 3871 1370 3876 ’

196 4041 200 4052 Ι
219 3969 268 4023 est
285 3977 357 4039 quae
372 3958 593 4020 causalitatem
610 3957 791 4019 constituit.

249 4095 279 4149 (i,
298 4092 382 4149 lissey,
394 4089 446 4137 Vll.
