2792 4600
417 425 659 483 trasumenum,
684 427 776 471 curor
799 428 839 475 rr.
1118 414 1175 477 tut

91 542 234 621 regulam
252 542 431 623 sequimur,
443 543 525 604 ordo
538 542 700 606 constabit
710 552 741 606 et
755 545 956 606 necessarius
969 546 1048 622 erit;
1063 548 1089 608 si
1103 565 1178 611 vero

92 640 217 702 nullam
233 641 424 702 relationem
442 654 596 720 tanquam
609 642 753 721 regulam
770 643 952 721 sequimur,
968 647 1050 707 ordo
1067 647 1178 708 nullus

95 739 167 801 erit.

132 836 165 898 4⁰
181 839 267 901 Ordo
283 839 391 900 omnis
404 838 460 919 qui
474 839 507 900 in
525 839 605 916 ipsis
618 838 774 901 fundetur
786 842 946 915 essentiis,
960 851 1007 903 est
1020 841 1179 924 objective

94 939 306 1001 necessarius.
324 938 409 1002 Talis
425 949 472 1000 est
487 938 570 1000 ordo
586 940 732 1001 moralis.

133 1037 167 1097 5⁰
188 1037 300 1099 Solum
321 1056 378 1098 eus
406 1038 593 1116 intelligens
619 1057 815 1118 cognoscere
838 1039 987 1103 ordinem
1016 1041 1178 1122 illumque

93 1152 201 1197 amare
216 1145 311 1215 atque
329 1136 499 1198 intendere
522 1146 649 1215 potest3
667 1138 736 1199 sola
754 1139 843 1200 enim
861 1139 1080 1219 intelligentia
1096 1142 1179 1203 rela-

16 1221 18 1224 ’
93 1234 199 1296 tiones
215 1234 364 1314 percipit.

522 1404 684 1450 Anniculus
706 1404 740 1450 ll.

530 1516 736 1580 Tlreoremctu.

91 1691 95 1697 .
130 1629 205 1693 391.
236 1630 415 1694 Pnorosum
439 1629 463 1693 l.
493 1633 564 1692 Nou
593 1631 718 1694 aliunde
746 1633 946 1712 comperimus
973 1653 1024 1695 eur
1052 1636 1178 1715 aliquod

16 1725 18 1748 '
89 1730 260 1809 intuitiones
274 1749 344 1804 esse,
361 1748 455 1811 quum
469 1749 509 1791 cu
523 1750 555 1790 cu
566 1730 646 1809 quud
657 1730 723 1810 q'ur
737 1750 830 1811 opera
844 1732 990 1793 ordinato
1004 1734 1079 1795 siut.

131 1828 243 1907 Cogita
266 1830 351 1890 unde
367 1846 554 1906 cognoscas,
577 1837 711 1891 caeteros
729 1830 879 1891 homines
904 1831 1078 1893 rationales
1094 1850 1177 1895 esse.

90 1925 239 1988 Profecto
250 1945 316 1988 non
329 1927 527 2008 quiaeorum
541 1926 629 1987 ideas
642 1936 672 1987 et
684 1927 1014 2003 ratiociniaintueris‚
1029 1930 1084 1991 sed
1099 1931 1177 2010 quia

91 2042 147 2087 eos
164 2025 334 2104 loquentes
354 2023 459 2098 audis,
477 2041 598 2104 eosque
614 2023 704 2086 vides
721 2025 823 2085 varias
839 2026 878 2086 ad
895 2043 972 2087 suos
988 2043 1065 2088 usus
1081 2026 1177 2088 adhi-

90 2122 168 2184 bere
184 2140 235 2184 res
250 2132 413 2202 mantare,
431 2132 462 2184 at
477 2125 700 2202 symmetriam
713 2140 869 2202 quaerere‚
886 2123 1027 2203 taliaque
1040 2143 1132 2203 agera
1145 2131 1178 2186 et
1261 2203 1263 2210 s

16 2241 17 2280 i
90 2222 124 2282 in
138 2221 259 2284 talibus
271 2221 443 2301 adiunctis,
459 2230 618 2283 uteorum
632 2220 776 2282 actiones
789 2230 894 2283 certos
906 2221 987 2298 fines
1000 2240 1177 2304 assequan-

89 2330 144 2383 tur
158 2331 212 2387 aut
224 2322 352 2403 assequi
366 2330 536 2384 conentur.
551 2318 674 2399 Nempe
687 2321 763 2400 quia
783 2320 934 2382 ordinem
948 2322 1104 2401 aliquem,
1118 2322 1175 2402 qui

90 2421 123 2481 in
144 2421 196 2481 liis
211 2420 364 2483 omnibus
380 2419 535 2499 operibus
552 2418 668 2493 elucet,
686 2419 923 2499 deprehendis.
1231 2484 1234 2488 Α

129 2518 254 2581 Eodem
277 2535 408 2598 prorsus
428 2515 574 2577 modoet
597 2533 663 2577 non
687 2515 783 2577 aliter
802 2516 1043 2595 cognoscimus,
1061 2534 1101 2578 an
1118 2535 1177 2579 ens

21 2650 22 2691 3
87 2619 278 2697 intelligens
290 2617 529 2678 rationisusum
545 2606 855 2694 habeatexpedituru
871 2634 879 2681 :
893 2633 1055 2696 sanosque
1068 2625 1176 2678 mente

87 2733 106 2777 a
121 2716 330 2780 dementibus
343 2725 439 2794 atque
452 2712 554 2774 ebriis
567 2712 786 2775 discernimus
801 2730 810 2790 ;
826 2714 970 2794 itemque
982 2713 1176 2776 deducimus

88 2833 130 2876 an
151 2817 250 2877 homo
265 2813 406 2876 consilio
422 2821 576 2892 operetur
591 2812 638 2873 vel
657 2822 793 2895 temere.

131 2913 222 2976 Patet
239 2884 348 2993 iffitur,
368 2915 430 2975 hoc
445 2930 511 2974 uno
528 2911 654 2974 indicio
677 2923 708 2973 et
724 2911 817 2991 quasi
838 2912 973 2990 vestigio
990 2911 1176 2992 intelligen-

87 3013 170 3075 tiam
188 3012 476 3090 intelligentiaeque
488 3027 582 3071 usum
599 3027 616 3069 a
633 3008 729 3069 nobis
741 3009 958 3088 deprehendi.
976 3013 1083 3090 Atque
1099 3011 1177 3073 hinc

88 3111 188 3174 etiam
209 3110 329 3172 inferes
344 3127 403 3170 cur
422 3111 505 3171 ordo
521 3127 558 3171 ac
580 3126 631 3169 res
647 3108 807 3171 ordinatu
826 3108 1052 3188 intelligentie
1071 3116 1176 3172 tanto·

89 3227 169 3292 pere
197 3209 365 3289 placeant;
382 3209 459 3288 quia
482 3225 599 3286 nempe
621 3226 655 3269 se
672 3207 911 3287 propemodum
936 3206 1055 3268 inillis
1076 3224 1176 3287 agno·

88 3310 163 3382 scit,
189 3308 465 3388 quemadmodum
482 3307 538 3388 qui
563 3307 671 3368 fratris
687 3317 741 3367 aut
762 3305 858 3367 amici
880 3305 1073 3368 memoriam
1096 3323 1176 3368 con·

89 3408 201 3487 spicit.
447 3397 450 3405 ’
1070 3418 1075 3433 “

130 3504 205 3568 592,
225 3504 403 3568 Pnorosmo
423 3504 463 3566 ll.
495 3501 582 3584 Opus
602 3503 782 3565 ordinatum
800 3512 841 3566 cst
861 3521 959 3564 ruurae
981 3502 1176 3583 iutellipeutls

87 3602 219 3685 effectus.

129 3685 221 3781 opus
237 3717 334 3763 omne
356 3717 486 3761 causam
505 3698 621 3760 lrabeat
637 3716 768 3761 necesse
783 3708 842 3772 est,
859 3714 997 3778 eamque
1014 3697 1076 3759 sibi
1103 3715 1176 3778 pro·

88 3803 314 3882 portionetam
334 3797 417 3875 (591,
435 3798 490 3875 1⁰).
518 3798 619 3860 Causa
645 3806 754 3858 autem
774 3795 903 3859 ordinis
929 3795 1176 3875 proportionata

86 3901 180 3962 nulla
196 3909 255 3974 est,
283 3897 347 3959 nisi
363 3916 421 3959 ens
447 3896 645 3975 intelligens,
666 3894 796 3958 Etenim
824 3913 939 3959 omnes
954 3912 1058 3957 causae
1080 3895 1176 3958 redu·

86 4006 211 4061 cuntur
239 3996 279 4057 ad
304 4013 413 4057 cousus
437 4012 493 4076 per
516 4013 557 4071 re,
581 4007 613 4079 et
638 3993 677 4054 ad
704 4011 813 4057 cautor
840 3980 894 4073 per
923 3993 1059 4055 aroldum
1090 3992 1185 4069 (uot,‚

85 4097 146 4176 2⁰3
163 4095 249 4177 dil).
