2792 4600
207 315 267 377 l86
468 298 472 306 ¹
658 328 829 371 ouroaocm.

204 447 350 525 subjecto
364 443 502 526 quiescit
514 461 551 505 ac
564 449 742 523 permanet.
757 440 803 503 lta
816 442 916 522 igilur
931 442 1052 522 duplex
1068 443 1175 506 estrei
1189 452 1292 508 muta·

205 539 282 607 bilis
294 544 432 623 potentio
443 567 454 617 ,·
476 542 540 604 alia
555 541 594 603 ad
613 550 722 603 actum
740 539 774 601 in
790 540 873 616 lieri,
891 542 952 603 alia
971 542 1011 603 ad
1028 551 1136 617 actum
1158 542 1192 604 in
1209 543 1291 607 lacto

204 662 285 706 esse.
300 642 408 715 Quum
423 648 498 718 vero
514 657 565 702 res
581 648 737 713 mutatur,
751 649 798 700 est
813 640 921 701 adhuc
936 640 970 701 in
985 641 1130 720 potentia
1143 652 1291 722 respectu
1316 627 1319 631 ’

204 750 294 804 actus
311 741 344 802 in
360 740 445 808 facto
457 758 538 814 esse,
556 740 611 802 sed
627 756 692 800 nou
709 739 914 818 estamplius
930 740 964 800 in
984 740 1127 819 potentia
1143 750 1291 821 respectu

205 852 294 904 actus
316 843 349 903 in
369 841 459 917 lieri;
483 841 552 902 haec
570 839 658 901 enim
676 839 821 919 potentia
835 839 900 917 jam
923 839 1053 901 transiit
1069 839 1102 900 in
1124 849 1244 914 actum,
1262 848 1307 903 et.

205 940 261 1002 bic
274 950 364 1002 actus
379 949 425 1002 est
442 941 511 1019 ipsa
528 939 676 1000 mutatio.
694 937 749 999 list
766 938 865 1016 igitur
882 938 1019 1001 mutatio
1035 948 1137 1013 actus,
1155 949 1186 1001 et
1201 950 1292 1002 actus

146 1041 149 1048 '
205 1040 289 1101 entis
310 1033 345 1099 iri
367 1038 510 1119 potentia
530 1037 638 1116 prouti
661 1046 709 1097 est
732 1036 766 1096 in
790 1037 934 1114 potentia
956 1036 994 1097 ad
1010 1039 1122 1099 'actum
1137 1037 1288 1114 alterum,

164 1185 170 1189 -
204 1157 323 1219 nempe
312 1138 510 1198 adactum
535 1134 725 1215 perlectum.
748 1133 786 1195 Et
808 1134 855 1196 sic
879 1144 965 1213 patet
986 1135 1184 1197 aristotelica
1211 1136 1291 1197 deii-

204 1236 301 1300 nitio.

246 1333 348 1397 581.
371 1332 465 1395 ilinc
469 1330 643 1411 intelliges,
662 1293 831 1410 quo‘modo
848 1340 956 1394 motus
972 1351 1030 1393 seu
1050 1332 1186 1394 mutatio
1203 1331 1293 1393 idem

204 1435 246 1495 sit
263 1432 443 1494 secundum
466 1449 535 1493 rem
556 1430 644 1511 quod
667 1430 752 1493 actio
772 1444 817 1491 et
826 1433 944 1510 passio,
963 1440 994 1494 et
1015 1432 1182 1513 quomodo
1195 1433 1273 1493 ab
1252 1452 1295 1494 ns

113 1587 128 1614 ,
205 1531 332 1593 differat
354 1529 535 1592 secundum
554 1529 727 1591 rationem.
752 1528 875 1608 Nempe
893 1529 979 1591 idem
1002 1540 1091 1591 actus
1113 1528 1295 1610 eademque

203 1631 320 1702 lorma,
342 1629 448 1708 prouti
469 1637 515 1689 est
531 1626 571 1687 ab
587 1627 745 1707 agentern
763 1626 921 1705 subjecto
940 1638 986 1689 est
1007 1631 1099 1702 actio,
1119 1630 1226 1708 prouti
1244 1639 1296 1691 ost

204 1731 239 1791 in
259 1728 405 1806 subjecto
425 1725 465 1787 ab
481 1733 606 1805 agente,
623 1720 783 1804 estparst‘o
800 1724 894 1802 (aot),
913 1736 942 1787 et
960 1726 1067 1807 prouti
1085 1726 1119 1787 iu
1140 1726 1228 1805 lluxu
1244 1742 1296 1789 est

205 1824 454 1906 etingreditur
446 1843 480 1885 ru
496 1824 690 1902 subjectum,
705 1837 752 1885 est
768 1825 911 1886 mutuno.

244 1924 343 1988 *58⁰2
363 1922 435 1986 Non
451 1923 602 1984 alienum
622 1922 662 1983 ab
684 1924 746 1984 hoc
768 1921 841 1985 loco
860 1923 1003 1985 arbitror
1024 1923 1172 2003 quaedam
1195 1924 1297 1985 etiam

205 2024 366 2104 subjicere
385 2023 424 2084 de
442 2022 520 2084 trito
543 2022 602 2084 illo
627 2021 810 2103 principio:
827 2013 915 2083 omne
930 2023 1012 2103 quod
1026 2034 1161 2085 movetur
1177 2024 1214 2085 ob
1229 2025 1298 2084 otio

201 2133 353 2196 movetur,·
373 2120 461 2202 quod
487 2120 608 2199 pariter
630 2138 668 2181 ex
683 2119 858 2181 Aristotele
880 2120 1111 2201 depromptum
1132 2131 1178 2183 cst
1193 2124 1240 2199 (t).
1257 2124 1299 2185 ln

201 2220 318 2303 primis
330 2235 516 2299 quanquam
528 2217 658 2279 effatum
669 2217 732 2278 boo
747 2216 1020 2280 sitdemutatioue
1033 2228 1064 2280 et
1077 2218 1118 2280 de
1127 2218 1300 2300 principio

203 2320 357 2382 efficiente
379 2317 494 2397 ipsius,
518 2315 627 2377 differt
650 2325 787 2377 tamena
805 2316 967 2396 principio
983 2317 1196 2380 causalitatis:
1218 2336 1301 2379 uam

203 2415 236 2477 iu
257 2413 454 2477 causalitatis
481 2411 646 2494 principio
671 2414 778 2492 agitur
796 2413 837 2474 de
867 2415 1047 2476 necessaria
1077 2415 1303 2496 dependentia

202 2513 512 2591 effectusabagente,
532 2511 565 2572 iu
583 2512 646 2574 hoc
657 2521 765 2573 autern
780 2511 819 2573 de
832 2511 1042 2576 distinctione
1055 2513 1141 2575 iuter
1156 2534 1257 2594 agens
1269 2526 1304 2578 et

202 2611 343 2685 actionis
356 2609 550 2690 subjectum.
578 2633 579 2636 ¹

251 2709 414 2773 *585.Ad
437 2709 499 2770 rite
525 2726 624 2788 porro
652 2708 903 2789 intelligendum
926 2711 1056 2773 effatum
1088 2712 1195 2789 ipsum
1228 2712 1305 2774 baec
1390 2698 1393 2707 ⁴

213 2808 424 2871 animadverti
443 2805 574 2867 debent.

247 2908 277 2968 1ο
298 2904 455 2968 Pluribus
493 2903 601 2966 modis
631 2921 729 2984 agens
756 2922 772 2965 a
801 2905 944 2989 patiente
979 2906 1138 2986 distingui
1171 2926 1303 2988 posse:

204 3024 321 3085 nempe
336 3008 367 3081 c)
389 3003 601 3065 distinctione
623 3004 930 3115 suppositorum3b)
952 3006 1131 3067 secundum
1151 3006 1306 3069 diversas

203 3105 347 3185 eiusdem
364 3101 526 3183 suppositi
545 3111 662 3181 partes,
677 3102 743 3165 sive
762 3105 949 3166 essentiales
971 3104 1038 3167 sive
1061 3105 1255 3185 integrales;
1274 3107 1305 3179 c)

203 3201 383 3265 secundum
406 3199 550 3261 diversas
573 3198 756 3261 facultates·
749 3200 805 3276 ,dt
821 3202 1001 3303 secuudum
1026 3202 1171 3265 diversos
1194 3213 1307 3266 status

173 3303 183 3311 “
209 3311 263 3363 aut
277 3310 368 3361 actus
386 3297 530 3376 ejusdem
548 3297 722 3360 facultatis.

243 3397 276 3459 2⁰
290 3396 515 3459 Necessarium
536 3395 632 3474 plano
648 3412 715 3458 non
731 3406 848 3457 esseut
863 3406 1004 3474 ageuset
1023 3397 1148 3476 patiens
1169 3418 1308 3480 suppo·

205 3497 267 3559 sito
283 3496 536 3574 distinguantur,
554 3502 590 3555 ut
605 3503 702 3572 patet.

243 3595 277 3656 5⁰
299 3593 334 3654 ln
362 3591 547 3654 actionibus
578 3591 825 3654 transeuntibus
852 3592 1094 3656 distinctionem
1123 3597 1251 3676 agentis
1287 3617 1309 3660 a

186 3700 192 3711 '
206 3710 301 3773 passo
312 3691 471 3752 satisesse
486 3690 692 3756 evidentem:
712 3690 901 3770 hujusmodi
918 3708 1015 3770 porro
1027 3695 1172 3756 actiones
1186 3696 1218 3755 in
1235 3714 1309 3760 suo

204 3788 415 3870 pronuntiato
434 3787 624 3849 Aristoteles
650 3788 879 3867 respici15sed
905 3788 938 3848 iu
963 3790 1149 3852 actionibus
1179 3793 1310 3854 imma·

203 3887 357 3950 uentibus
391 3902 457 3948 nou
488 3885 569 3948 adeo
601 3885 696 3948 facile
726 3886 972 3950 distinctionem
1003 3889 1087 3950 hanc
1122 3891 1311 3971 assignari,

231 4004 259 4055 ru
276 3999 318 4046 vu
329 4005 353 4045 er
364 3998 428 4046 vui.
440 3996 512 4057 rupa.
