2792 4600
179 412 242 480 296
624 427 816 479 cusuouoeiu.

222 546 254 607 l⁰
268 544 607 610 communicationem
624 554 744 608 motus.
760 541 840 605 Nam
857 541 884 603 si
897 557 1037 622 corpore
1052 540 1273 621 penetrabilia

177 654 299 720 esseut,
316 662 436 725 corpus
460 646 489 707 A
513 663 543 708 v.
561 662 611 725 gr.
638 644 798 724 impetens
824 659 944 721 corpus
971 639 1009 716 Β,
1038 658 1096 722 per
1121 638 1272 703 medium
1382 623 1383 640 ¹

177 742 288 823 ipsum
304 742 467 818 transiret,
486 744 625 825 atqueB
647 749 793 804 maneret
813 740 999 803 immotum.
1023 739 1086 826 Sed
1110 737 1273 820 quoniam

175 840 441 922 impenetrabilia
456 850 544 917 sunt,
561 850 714 905 neutrum
732 849 835 921 potest
847 839 882 901 iu
894 838 1030 902 alterius
1045 838 1155 901 locum
1173 855 1274 917 pene·

175 947 276 1016 trare,
294 938 358 1002 uisi
383 939 577 1003 alterutrum
592 939 666 1003 loco
682 937 786 1003 cedat.
815 937 997 1018 Utrumque
1023 954 1123 1017 porro
1149 953 1274 1017 corpus

175 1037 486 1100 determinationem
513 1036 611 1100 habet
636 1036 676 1098 ad
704 1033 934 1114 occupandum
960 1034 1070 1098 locum
1096 1032 1273 1110 eumdem;
1383 1051 1384 1096 t

173 1151 296 1215 corpus
312 1135 447 1215 quidem
461 1133 490 1196 Β
504 1152 543 1198 ex
562 1132 753 1215 aequilibrio
768 1131 900 1208 virium,
919 1131 1041 1213 quibus
1058 1130 1197 1196 afficitur
1217 1129 1275 1194 in-

175 1231 402 1313 dependenter
416 1231 457 1293 ab
482 1231 525 1308 A,
543 1239 574 1294 et
588 1249 709 1312 corpus
734 1230 761 1294 Α
780 1249 817 1294 ex
843 1230 1013 1294 velocitate
1028 1249 1093 1312 qua
1108 1231 1213 1293 fertur
1226 1231 1273 1293 ad

175 1330 371 1394 mutandum
384 1329 506 1412 Jugiter
521 1333 556 1392 in
572 1348 609 1392 ea
628 1329 809 1392 directione
826 1328 948 1392 locum.
969 1328 1033 1392 Sed
1049 1329 1224 1392 accedente
1240 1329 1273 1392 A

176 1428 219 1492 ad
233 1429 270 1505 B,
288 1428 512 1510 aequilibrium
528 1428 667 1503 tollitur,
684 1437 716 1489 et
731 1427 760 1490 Β
773 1427 1011 1492 determinatur
1027 1427 1067 1490 ad
1083 1427 1274 1492 cedendum

174 1527 262 1603 loco,
280 1526 433 1589 videlicet
445 1526 485 1588 ad
502 1535 641 1589 motum.

216 1627 250 1689 2⁰
272 1625 390 1688 Deberi
414 1642 547 1706 quoque
562 1622 864 1704 impenetrabilitati
888 1623 1104 1687 mutationem
1120 1641 1272 1700 omnem,

173 1743 248 1806 quae
260 1724 295 1786 in
306 1722 701 1805 uuocorporevialterius
713 1721 1053 1803 corporisinducitur.
1070 1717 1274 1787 burbonnis

174 1824 314 1888 mutatio
326 1840 503 1905 corporum
516 1822 556 1884 ad
570 1820 715 1903 aliquem
728 1831 855 1885 motum
869 1820 1049 1897 reducitur,
1065 1822 1133 1884 sive
1144 1822 1185 1884 ad
1197 1840 1273 1886 mo·

174 1931 245 1986 tum
261 1920 508 1995 translatitium,
522 1921 589 1982 sive
603 1918 642 1981 ad
659 1919 904 1995 molecularum,
921 1921 988 1983 sive
1000 1921 1040 1982 ad
1057 1929 1183 1984 motum
1199 1938 1273 1983 ma·

175 2022 268 2085 terite
284 2019 523 2103 perdurabilis,
538 2019 605 2081 sive
620 2017 659 2080 ad
676 2026 804 2081 motum
819 2018 963 2082 materie
979 2018 1271 2099 imponderabilis.

220 2119 292 2184 197.
310 2121 486 2184 Prorosrrro
500 2117 570 2182 vti.
592 2116 642 2180 Vis
656 2118 758 2181 omnis
778 2111 922 2199 cciperea
937 2118 1057 2181 nullum
1075 2136 1187 2181 nouum
1200 2137 1274 2180 reu·

174 2223 292 2286 litatem
307 2220 471 2303 producere
484 2227 598 2301 potem·
618 2218 668 2281 scd
682 2219 783 2281 telum
802 2217 1063 2300 praecurrentium
1084 2218 1274 2280 melantia·

173 2340 246 2384 rum
261 2322 425 2383 immutare
439 2325 565 2381 statum.
799 2324 806 2339 ⁴

107 2418 111 2425 ’
220 2417 315 2483 Ratio
342 2417 376 2479 iu
402 2423 560 2497 promptu
582 2423 642 2478 est.
664 2413 756 2478 Vires
775 2433 889 2479 omnes
904 2432 1071 2496 corporee
1096 2421 1197 2495 agunt
1211 2431 1277 2495 per

176 2525 378 2591 contactum,
403 2532 582 2596 eurumque
605 2514 690 2577 actio
706 2514 815 2578 omnis
838 2515 879 2578 ad
903 2514 1133 2590 resistentiam,
1150 2513 1189 2575 ad
1206 2514 1273 2576 im·

176 2617 324 2701 pulsum,
341 2615 382 2677 ad
398 2614 596 2677 reactionem
613 2608 794 2678 reducitur.
808 2614 872 2678 Sed
888 2615 935 2677 vis
951 2633 1024 2697 quae
1039 2613 1105 2694 agit
1120 2629 1271 2694 percon-

176 2722 313 2790 tactum,
340 2711 497 2794 supponit
523 2711 734 2793 praeexistens
759 2711 962 2792 subjectum
988 2731 1025 2775 ac
1051 2729 1166 2774 rursus
1186 2710 1271 2773 resi·

176 2813 310 2887 stentia,
326 2810 502 2892 impulsus,
516 2810 637 2875 reectio
649 2809 736 2872 nibil
748 2809 839 2872 aliud
852 2821 1000 2892 possunt,
1018 2810 1082 2873 uisi
1094 2818 1131 2872 ut
1143 2816 1271 2872 motum

177 2912 230 2975 vel
252 2912 359 2974 cieaut
379 2909 429 2973 vel
458 2909 639 2971 destruant.
661 2907 767 2971 Motus
789 2917 897 2972 autem
918 2910 968 2972 vel
991 2909 1085 2990 quies
1112 2927 1172 2972 uec
1192 2920 1271 2972 suut

179 3027 273 3074 notre
289 3008 461 3081 realitates,
479 3024 540 3069 nec
568 3022 668 3070 novas
696 3005 860 3070 realitates
888 3008 1022 3088 gignere
1048 3016 1184 3089 queunt,
1210 3006 1270 3070 sed

178 3115 257 3171 sunt
272 3102 480 3170 solummodo
497 3111 598 3167 status
610 3102 730 3165 diversi
746 3104 1014 3168 substantiarum.
1031 3106 1128 3186 Ergo.

221 3204 460 3278 Nihilominus,
479 3211 514 3264 ut
536 3200 616 3262 alibi
631 3208 779 3264 notatum
802 3211 850 3264 est
865 3202 927 3279 (ll,
949 3200 1006 3280 5⁰),
1018 3203 1103 3265 uires
1118 3200 1270 3284 quedam

178 3321 359 3384 corporee,
393 3301 456 3364 hoc
483 3301 556 3380 ipso
583 3301 672 3379 quod
700 3308 825 3363 motum
853 3300 1092 3364 molecularum
1116 3302 1270 3377 excitant,

176 3401 436 3466 substantiarum
462 3398 664 3461 diversarum
689 3400 858 3480 syntheses
880 3407 977 3481 atque
998 3400 1144 3482 analyses
1170 3398 1271 3481 perfr-

178 3502 292 3578 ciunt;
307 3510 404 3581 atque
421 3499 485 3562 hoe
511 3506 605 3579 pacto
631 3513 731 3560 novas
755 3498 952 3562 substantias
967 3501 1164 3580 compositas
1190 3515 1271 3580 pro·

177 3598 317 3662 ducunt.
346 3612 349 3617 ·
