2792 4600
472 301 557 373 xrnun
580 328 698 382 rurum,
722 328 813 374 orror
836 329 856 373 r.
991 385 993 387 .
1194 308 1218 385 9

117 453 216 535 quod
233 453 341 532 primo
365 454 398 516 in
415 454 512 518 rebus
533 456 744 536 percipimus.
776 455 956 519 Existentia
984 452 1073 516 enim
1089 461 1137 516 cst
1152 453 1218 514 mi·

120 552 266 627 nimum,
288 554 376 636 quod
404 553 557 617 derebus
580 552 733 634 cognosci
761 553 884 633 possit;
901 571 938 615 ac
954 553 1094 633 proinde
1111 552 1222 632 prima

76 656 80 660 '
120 664 204 739 uota
219 662 278 729 est,
295 671 393 735 quam
421 671 473 715 res
495 653 598 715 menti
617 652 809 734 praeferunt.
833 651 942 729 Altera
964 650 1040 714 vero
1063 641 1220 714 ultimum

124 752 315 818 reflexionis
331 762 362 815 et
377 752 607 815 abstractionis
622 752 800 815 terminum
817 752 961 815 exhibet.
977 749 1058 813 Nam
1072 759 1145 833 post
1160 768 1217 815 co·

118 853 232 932 guitas
246 852 410 914 realitates
425 850 581 924 diversas,
598 858 629 913 ct
658 850 933 922 abstractionibus
957 848 1124 922 omnibns,
1142 868 1218 930 quae

123 950 197 1012 lieri
216 964 364 1030 possunt,
388 949 524 1033 effectis,
541 957 718 1029 conceptus
733 949 803 1029 vqui
816 965 976 1035 superest
1003 947 1150 1019 ultimus,
1168 955 1218 1008 est

120 1057 303 1129 conceptus
315 1047 472 1110 realitatis
486 1048 747 1111 indeterminatae
762 1050 834 1126 (lo).
848 1047 951 1127 igitur
963 1064 1020 1107 ens
1034 1044 1217 1107 secundum

125 1147 268 1230 primam
297 1145 520 1226 acceptionem
551 1154 599 1207 est
632 1145 777 1225 primum
814 1143 981 1224 objectum
1015 1142 1217 1222 cognitionis

120 1244 270 1319 directae,
287 1238 468 1306 secuudum
501 1242 635 1308 alteram
669 1254 716 1306 est
739 1242 891 1305 ultimum
914 1241 1078 1322 objectum
1101 1239 1216 1320 cogni·

123 1343 227 1408 tionis
242 1342 381 1406 reflexae.
1204 1345 1208 1367 ³

165 1442 181 1471 *
201 1444 236 1506 5⁰
258 1442 364 1514 Quum
385 1442 566 1523 cogitamus
584 1443 630 1516 id,
648 1443 738 1523 quod
764 1437 945 1504 secundum
968 1439 1053 1501 hano
1077 1436 1214 1519 niteram

121 1540 348 1622 acceptionem
365 1558 485 1603 nomen
507 1548 560 1602 csta
585 1541 757 1620 significat,
777 1541 857 1603 illud
886 1555 952 1601 non
975 1533 1215 1618 sejungitur'ab

121 1659 176 1716 eo,
193 1640 281 1721 quod
300 1639 388 1701 idem
403 1657 524 1702 nomen
540 1639 702 1720 significat
716 1638 895 1700 secuudum
909 1635 1131 1716 acceptionem
1146 1633 1217 1712 pri·

121 1757 225 1802 mam.
256 1730 424 1818 Quidquid
453 1737 542 1799 enim
566 1736 763 1817 intelligitur
792 1743 827 1798 ut
862 1735 1006 1814 aliquam
1032 1731 1217 1794 reaiitatem

123 1835 262 1911 liabens,
281 1836 315 1897 id
331 1836 379 1899 vel
396 1836 557 1916 cogitatur
579 1846 614 1899 ut
629 1845 701 1898 actu
722 1835 875 1909 existens,
892 1834 941 1894 vel
958 1831 1073 1894 saitem
1087 1829 1127 1891 ad
1144 1846 1215 1891 mo·

123 1932 204 1997 dunt
229 1934 378 1996 habentis
407 1935 632 2012 existentiam;
651 1935 728 2014 quia
744 1952 862 2015 nempe
888 1933 951 1995 tale
973 1942 1033 2006 est,
1050 1939 1086 1994 ut
1101 1930 1130 1992 ei
1146 1946 1214 1992 non

125 2043 283 2115 repugnet
294 2034 431 2095 existere
449 2050 457 2096 :
476 2033 543 2095 imo
566 2032 731 2114 quidquid
747 2043 855 2095 mente
871 2032 1043 2111 cogitatur,
1062 2031 1125 2091 lroc
1141 2029 1215 2109 ipso

123 2132 328 2196 existentiam
345 2121 530 2213 quamdam
548 2132 657 2206 habet,
676 2143 711 2194 ut
726 2144 848 2195 veteres
864 2132 1004 2204 aiebant,
1021 2130 1213 2192 intentionu-

122 2234 191 2309 lcm,
209 2251 328 2316 nempe
341 2233 375 2293 in
391 2232 509 2295 ordino
521 2232 628 2313 logico
644 2233 844 2313 cognitionis
860 2231 907 2310 (L.
922 2228 992 2307 tus,
1010 2232 1066 2309 5⁰).

163 2331 179 2362 *
199 2331 234 2393 4⁰
255 2331 401 2393 Deduoes
416 2350 454 2393 ex
478 2331 586 2404 dictis,
603 2341 656 2410 ent
672 2351 730 2393 seu
751 2350 825 2405 rem,
843 2330 909 2391 dici
926 2332 1034 2411 primo
1050 2328 1091 2389 de
1113 2327 1214 2389 rebus

120 2431 349 2507 existentibus,
367 2449 439 2511 quae
455 2441 528 2492 actu
547 2430 727 2492 reaiitatem
746 2431 882 2507 babent;
900 2424 1045 2491 secundo
1062 2445 1119 2507 per
1134 2442 1212 2488 ana·

121 2529 244 2611 logiam
260 2528 485 2591 attributionis
500 2529 541 2590 de
558 2528 611 2603 iis,
626 2548 698 2609 quae
713 2537 848 2608 possunt
863 2529 1000 2593 existere
1014 2545 1021 2590 :
1040 2527 1109 2588 lr'aec
1122 2543 1213 2587 nam·

121 2628 381 2711 qucrealitatem
405 2627 527 2689 babent
555 2627 765 2691 solummodo
794 2628 1000 2690 abstractam.
1033 2624 1211 2703 Propterea

69 2793 73 2798 ,
120 2746 181 2791 ens
197 2725 356 2807 possibile
372 2739 439 2794 mn
455 2744 524 2787 esse
537 2724 694 2806 primum,
715 2725 803 2806 quod
820 2725 1029 2805 cognoscitur
1044 2731 1100 2784 aut
1119 2740 1213 2785 voca·

123 2833 182 2889 tur
193 2844 264 2890 ens.
860 2902 863 2906 .

164 2925 215 2992 ta.
239 2923 306 2985 Ens
318 2922 438 2984 dicitnr
449 2923 617 2986 intellectus
628 2923 776 3003 objectum
787 2946 797 2983 .·
810 2941 928 3003 nempe
939 2920 1104 3002 objectum
1118 2925 1216 2980 mute·

121 3015 199 3086 riute
215 3022 261 3100 (t.
279 3021 346 3100 l3);
363 3039 429 3084 non
451 3040 525 3085 vero
541 3040 671 3102 semper
685 3034 717 3085 et
732 3023 765 3083 in
792 3021 948 3084 omnibus
962 3019 1099 3099 formale.
1117 3015 1217 3093 Quod

125 3122 157 3184 1⁰
177 3121 219 3183 sit
236 3119 400 3199 objectum
417 3120 596 3196 materiale,
614 3138 673 3201 per
688 3139 723 3182 se
740 3130 837 3200 patet.
855 3119 1021 3199 Quidquid
1040 3118 1129 3180 enim
1150 3125 1210 3193 cst,

104 3218 332 3314 ¹intelligibile
362 3227 421 3294 cst,
438 3225 469 3280 et
495 3226 620 3281 tantum
644 3217 855 3298 intelligibile
883 3227 943 3292 est,
961 3228 1120 3299 quantum
1148 3225 1208 3278 est.

120 3315 207 3396 Ergo
220 3315 382 3396 quidquid
401 3327 460 3392 est,
473 3326 584 3397 aptum
599 3325 647 3380 est
662 3316 701 3378 ad
719 3318 793 3391 hoc,
811 3326 845 3378 ut
862 3317 1050 3379 intellectivi
1065 3326 1156 3378 actus
1168 3315 1212 3376 sit

117 3416 301 3494 objectum.
331 3412 413 3477 Nota
433 3426 553 3490 tamen,
578 3432 636 3477 cns
662 3433 728 3478 non
757 3434 827 3479 csse
855 3413 1020 3496 objectum
1043 3414 1211 3476 materiale

122 3506 321 3588 intellectus,
339 3513 445 3575 solum
473 3503 508 3575 ut
534 3512 614 3575 dicit
634 3513 760 3594 aliquid
777 3516 930 3589 existens,
947 3514 1002 3577 sed
1030 3512 1211 3594 generatim

123 3621 158 3673 ul
173 3612 254 3674 dicit
269 3611 395 3693 aliquid
414 3613 591 3675 reaiitatem
608 3612 745 3675 babens.

164 3707 197 3771 2⁰
218 3708 253 3771 Si
269 3728 327 3772 ens
351 3718 434 3773 esset
462 3728 592 3789 semper
606 3720 637 3773 et
658 3712 692 3772 in
709 3711 863 3774 omnibus
891 3712 1054 3790 objectum
1070 3710 1208 3773 formale

123 3807 318 3881 intellectus,
335 3807 511 3871 dicendum
532 3805 627 3881 foret,
652 3810 853 3871 intellectum
875 3809 961 3871 nihil
991 3811 1081 3872 aliud
1103 3810 1210 3890 perci·

123 3924 200 3987 pere
216 3925 311 3986 posse
328 3907 362 3969 in
377 3907 487 3981 rebus,
505 3908 569 3969 nisi
585 3908 747 3971 rationem
763 3909 1047 3971 indeterminatam
1066 3910 1210 3972 existen·

101 3995 175 4066 stiae
189 4013 245 4066 aut
259 4004 433 4085 realitatis;
451 4005 484 4066 id
502 4005 590 4086 quod
612 4015 659 4070 cst
677 4007 815 4070 omuino
834 4006 962 4071 falsum.
979 4006 1210 4071 Nihilominus
