<?xml version="1.0" encoding="UTF-8"?>
<!DOCTYPE html PUBLIC "-//W3C//DTD XHTML 1.0 Transitional//EN"
    "http://www.w3.org/TR/xhtml1/DTD/xhtml1-transitional.dtd">
<html xmlns="http://www.w3.org/1999/xhtml" xml:lang="en" lang="en">
 <head>
  <title>
</title>
<meta http-equiv="Content-Type" content="text/html;charset=utf-8" />
  <meta name='ocr-system' content='tesseract 3.04.00' />
  <meta name='ocr-capabilities' content='ocr_page ocr_carea ocr_par ocr_line ocrx_word'/>
</head>
<body>
  <div class='ocr_page' id='page_1' title='image "./institutionesph01tonggoog_0328.png"; bbox 0 0 2792 4600; ppageno 0'>
   <div class='ocr_carea' id='block_1_1' title="bbox 183 333 809 399">
    <p class='ocr_par' dir='ltr' id='par_1_1' title="bbox 183 333 809 399">
     <span class='ocr_line' id='line_1_1' title="bbox 183 333 809 399; baseline -0.002 -2"><span class='ocrx_word' id='word_1_1' title='bbox 183 333 247 398; x_wconf 73' lang='lat'>320</span> <span class='ocrx_word' id='word_1_2' title='bbox 618 351 809 399; x_wconf 78' lang='lat' dir='ltr'>coenoman.</span> 
     </span>
    </p>
   </div>
   <div class='ocr_carea' id='block_1_2' title="bbox 182 465 1265 650">
    <p class='ocr_par' dir='ltr' id='par_1_2' title="bbox 182 465 1265 650">
     <span class='ocr_line' id='line_1_2' title="bbox 182 465 1265 548; baseline 0 -16"><span class='ocrx_word' id='word_1_3' title='bbox 182 468 212 532; x_wconf 90' lang='lat' dir='ltr'>si</span> <span class='ocrx_word' id='word_1_4' title='bbox 228 468 315 544; x_wconf 82' lang='lat' dir='ltr'>velit,</span> <span class='ocrx_word' id='word_1_5' title='bbox 334 467 523 548; x_wconf 86' lang='lat' dir='ltr'>hujusmodi</span> <span class='ocrx_word' id='word_1_6' title='bbox 546 468 688 532; x_wconf 87' lang='lat' dir='ltr'>mundos</span> <span class='ocrx_word' id='word_1_7' title='bbox 709 468 808 532; x_wconf 90' lang='lat' dir='ltr'>simul</span> <span class='ocrx_word' id='word_1_8' title='bbox 827 466 867 530; x_wconf 89' lang='lat' dir='ltr'>ad</span> <span class='ocrx_word' id='word_1_9' title='bbox 884 465 1089 530; x_wconf 84' lang='lat' dir='ltr'>existentiam</span> <span class='ocrx_word' id='word_1_10' title='bbox 1104 466 1265 532; x_wconf 71' lang='lat' dir='ltr'>traducat?</span> 
     </span>
     <span class='ocr_line' id='line_1_3' title="bbox 225 567 1265 650; baseline 0.001 -20"><span class='ocrx_word' id='word_1_11' title='bbox 225 569 241 597; x_wconf 86' lang='lat'><em>*</em></span> <span class='ocrx_word' id='word_1_12' title='bbox 254 567 327 632; x_wconf 76' lang='lat' dir='ltr'>ate.</span> <span class='ocrx_word' id='word_1_13' title='bbox 343 568 383 631; x_wconf 85' lang='lat' dir='ltr'>dt</span> <span class='ocrx_word' id='word_1_14' title='bbox 403 570 492 631; x_wconf 85' lang='lat' dir='ltr'>enirn</span> <span class='ocrx_word' id='word_1_15' title='bbox 508 570 536 633; x_wconf 88' lang='lat' dir='ltr'>si</span> <span class='ocrx_word' id='word_1_16' title='bbox 553 570 666 650; x_wconf 91' lang='lat' dir='ltr'>plures</span> <span class='ocrx_word' id='word_1_17' title='bbox 679 568 796 633; x_wconf 92' lang='lat' dir='ltr'>mundi</span> <span class='ocrx_word' id='word_1_18' title='bbox 823 568 1009 643; x_wconf 76' lang='lat' dir='ltr'>existerent,</span> <span class='ocrx_word' id='word_1_19' title='bbox 1027 567 1118 647; x_wconf 90' lang='lat' dir='ltr'>iique</span> <span class='ocrx_word' id='word_1_20' title='bbox 1133 568 1265 647; x_wconf 87' lang='lat' dir='ltr'>sejuncti</span> 
     </span>
    </p>
   </div>
   <div class='ocr_carea' id='block_1_3' title="bbox 181 666 1360 747">
    <p class='ocr_par' dir='ltr' id='par_1_3' title="bbox 181 666 1360 747">
     <span class='ocr_line' id='line_1_4' title="bbox 181 666 1360 747; baseline 0.001 -18"><span class='ocrx_word' id='word_1_21' title='bbox 181 675 281 747; x_wconf 89' lang='lat' dir='ltr'>atque</span> <span class='ocrx_word' id='word_1_22' title='bbox 296 666 553 747; x_wconf 89' lang='lat' dir='ltr'>independentes</span> <span class='ocrx_word' id='word_1_23' title='bbox 563 668 605 731; x_wconf 89' lang='lat' dir='ltr'>ab</span> <span class='ocrx_word' id='word_1_24' title='bbox 620 669 773 743; x_wconf 85' lang='lat' dir='ltr'>invicem,</span> <span class='ocrx_word' id='word_1_25' title='bbox 788 666 966 730; x_wconf 88' lang='lat' dir='ltr'>dicendum</span> <span class='ocrx_word' id='word_1_26' title='bbox 980 675 1064 728; x_wconf 89' lang='lat' dir='ltr'>esset</span> <span class='ocrx_word' id='word_1_27' title='bbox 1077 683 1212 730; x_wconf 86' lang='lat' dir='ltr'>vacuum</span> <span class='ocrx_word' id='word_1_28' title='bbox 1228 666 1267 730; x_wconf 91' lang='lat' dir='ltr'>iis</span> <span class='ocrx_word' id='word_1_29' title='bbox 1359 699 1360 708; x_wconf 63' lang='lat'>.</span> 
     </span>
    </p>
   </div>
   <div class='ocr_carea' id='block_1_4' title="bbox 182 764 1274 2331">
    <p class='ocr_par' dir='ltr' id='par_1_4' title="bbox 183 764 1266 850">
     <span class='ocr_line' id='line_1_5' title="bbox 183 764 1266 850; baseline 0.003 -23"><span class='ocrx_word' id='word_1_30' title='bbox 183 765 388 847; x_wconf 77' lang='lat' dir='ltr'>interjacere.</span> <span class='ocrx_word' id='word_1_31' title='bbox 402 768 471 831; x_wconf 88' lang='lat' dir='ltr'>lloc</span> <span class='ocrx_word' id='word_1_32' title='bbox 485 776 594 830; x_wconf 92' lang='lat' dir='ltr'>autem</span> <span class='ocrx_word' id='word_1_33' title='bbox 606 765 753 850; x_wconf 88' lang='lat' dir='ltr'>estquod</span> <span class='ocrx_word' id='word_1_34' title='bbox 767 764 939 829; x_wconf 88' lang='lat' dir='ltr'>cartesiaui</span> <span class='ocrx_word' id='word_1_35' title='bbox 956 764 1021 845; x_wconf 88' lang='lat' dir='ltr'>pati</span> <span class='ocrx_word' id='word_1_36' title='bbox 1038 781 1106 827; x_wconf 89' lang='lat' dir='ltr'>nou</span> <span class='ocrx_word' id='word_1_37' title='bbox 1123 777 1266 845; x_wconf 80' lang='lat' dir='ltr'>possunt.</span> 
     </span>
    </p>

    <p class='ocr_par' dir='ltr' id='par_1_5' title="bbox 182 862 1274 1639">
     <span class='ocr_line' id='line_1_6' title="bbox 226 862 1266 948; baseline -0.005 -18"><span class='ocrx_word' id='word_1_38' title='bbox 226 865 324 946; x_wconf 76' lang='lat' dir='ltr'>liesp.</span> <span class='ocrx_word' id='word_1_39' title='bbox 342 865 506 944; x_wconf 87' lang='lat' dir='ltr'>Concedo,</span> <span class='ocrx_word' id='word_1_40' title='bbox 519 866 631 948; x_wconf 84' lang='lat' dir='ltr'>plures</span> <span class='ocrx_word' id='word_1_41' title='bbox 642 865 797 940; x_wconf 90' lang='lat' dir='ltr'>mundos,</span> <span class='ocrx_word' id='word_1_42' title='bbox 811 866 839 927; x_wconf 91' lang='lat' dir='ltr'>si</span> <span class='ocrx_word' id='word_1_43' title='bbox 851 864 1039 938; x_wconf 80' lang='lat' dir='ltr'>existerent,</span> <span class='ocrx_word' id='word_1_44' title='bbox 1052 880 1154 926; x_wconf 84' lang='lat' dir='ltr'>vacuo</span> <span class='ocrx_word' id='word_1_45' title='bbox 1166 862 1266 926; x_wconf 93' lang='lat' dir='ltr'>dividi</span> 
     </span>
     <span class='ocr_line' id='line_1_7' title="bbox 182 960 1267 1045; baseline -0.001 -19"><span class='ocrx_word' id='word_1_46' title='bbox 182 971 338 1044; x_wconf 91' lang='lat' dir='ltr'>oportere</span> <span class='ocrx_word' id='word_1_47' title='bbox 354 980 363 1028; x_wconf 92' lang='lat'>:</span> <span class='ocrx_word' id='word_1_48' title='bbox 380 963 436 1026; x_wconf 89' lang='lat' dir='ltr'>sed</span> <span class='ocrx_word' id='word_1_49' title='bbox 453 963 575 1045; x_wconf 86' lang='lat' dir='ltr'>injuria</span> <span class='ocrx_word' id='word_1_50' title='bbox 596 964 768 1029; x_wconf 87' lang='lat' dir='ltr'>certesiani</span> <span class='ocrx_word' id='word_1_51' title='bbox 795 963 835 1026; x_wconf 91' lang='lat' dir='ltr'>ab</span> <span class='ocrx_word' id='word_1_52' title='bbox 862 963 927 1027; x_wconf 87' lang='lat' dir='ltr'>boc</span> <span class='ocrx_word' id='word_1_53' title='bbox 951 978 1053 1028; x_wconf 80' lang='lat' dir='ltr'>vacuo</span> <span class='ocrx_word' id='word_1_54' title='bbox 1072 960 1267 1040; x_wconf 88' lang='lat' dir='ltr'>abhorrent;</span> 
     </span>
     <span class='ocr_line' id='line_1_8' title="bbox 182 1059 1274 1145; baseline 0 -22"><span class='ocrx_word' id='word_1_55' title='bbox 182 1071 284 1142; x_wconf 87' lang='lat' dir='ltr'>atque</span> <span class='ocrx_word' id='word_1_56' title='bbox 298 1061 569 1126; x_wconf 86' lang='lat' dir='ltr'>irrationabiliter</span> <span class='ocrx_word' id='word_1_57' title='bbox 579 1074 690 1145; x_wconf 88' lang='lat' dir='ltr'>agunt,</span> <span class='ocrx_word' id='word_1_58' title='bbox 703 1080 806 1145; x_wconf 90' lang='lat' dir='ltr'>quum</span> <span class='ocrx_word' id='word_1_59' title='bbox 818 1080 857 1125; x_wconf 87' lang='lat' dir='ltr'>ex</span> <span class='ocrx_word' id='word_1_60' title='bbox 868 1059 961 1126; x_wconf 86' lang='lat' dir='ltr'>vacui</span> <span class='ocrx_word' id='word_1_61' title='bbox 974 1061 1113 1124; x_wconf 88' lang='lat' dir='ltr'>horrore</span> <span class='ocrx_word' id='word_1_62' title='bbox 1126 1059 1274 1140; x_wconf 86' lang='lat' dir='ltr'>plurium&#39;</span> 
     </span>
     <span class='ocr_line' id='line_1_9' title="bbox 184 1158 1269 1243; baseline 0.002 -20"><span class='ocrx_word' id='word_1_63' title='bbox 184 1161 386 1224; x_wconf 88' lang='lat' dir='ltr'>mundorum</span> <span class='ocrx_word' id='word_1_64' title='bbox 412 1170 532 1242; x_wconf 87' lang='lat' dir='ltr'>negant</span> <span class='ocrx_word' id='word_1_65' title='bbox 557 1161 820 1243; x_wconf 87' lang='lat' dir='ltr'>possibilitatem.</span> <span class='ocrx_word' id='word_1_66' title='bbox 838 1161 910 1226; x_wconf 88' lang='lat' dir='ltr'>Nou</span> <span class='ocrx_word' id='word_1_67' title='bbox 930 1159 1020 1223; x_wconf 90' lang='lat' dir='ltr'>enim</span> <span class='ocrx_word' id='word_1_68' title='bbox 1042 1158 1076 1223; x_wconf 94' lang='lat' dir='ltr'>id</span> <span class='ocrx_word' id='word_1_69' title='bbox 1099 1159 1188 1241; x_wconf 91' lang='lat' dir='ltr'>quod</span> <span class='ocrx_word' id='word_1_70' title='bbox 1205 1164 1269 1225; x_wconf 87' lang='lat' dir='ltr'>evi·</span> 
     </span>
     <span class='ocr_line' id='line_1_10' title="bbox 184 1258 1267 1342; baseline 0.003 -21"><span class='ocrx_word' id='word_1_71' title='bbox 184 1259 268 1322; x_wconf 87' lang='lat' dir='ltr'>deus</span> <span class='ocrx_word' id='word_1_72' title='bbox 291 1266 339 1321; x_wconf 88' lang='lat' dir='ltr'>est</span> <span class='ocrx_word' id='word_1_73' title='bbox 365 1276 483 1340; x_wconf 88' lang='lat' dir='ltr'>negare</span> <span class='ocrx_word' id='word_1_74' title='bbox 508 1260 595 1335; x_wconf 86' lang='lat' dir='ltr'>licet,</span> <span class='ocrx_word' id='word_1_75' title='bbox 618 1261 726 1324; x_wconf 88' lang='lat' dir='ltr'>solum</span> <span class='ocrx_word' id='word_1_76' title='bbox 747 1258 824 1341; x_wconf 91' lang='lat' dir='ltr'>quia</span> <span class='ocrx_word' id='word_1_77' title='bbox 850 1258 977 1340; x_wconf 87' lang='lat' dir='ltr'>aliquid</span> <span class='ocrx_word' id='word_1_78' title='bbox 1005 1258 1083 1322; x_wconf 92' lang='lat' dir='ltr'>inde</span> <span class='ocrx_word' id='word_1_79' title='bbox 1109 1260 1267 1342; x_wconf 89' lang='lat' dir='ltr'>sequitur,</span> 
     </span>
     <span class='ocr_line' id='line_1_11' title="bbox 184 1356 1269 1440; baseline 0.001 -19"><span class='ocrx_word' id='word_1_80' title='bbox 184 1358 275 1439; x_wconf 93' lang='lat' dir='ltr'>quod</span> <span class='ocrx_word' id='word_1_81' title='bbox 291 1375 351 1421; x_wconf 91' lang='lat' dir='ltr'>nos</span> <span class='ocrx_word' id='word_1_82' title='bbox 374 1357 558 1438; x_wconf 90' lang='lat' dir='ltr'>intelligere</span> <span class='ocrx_word' id='word_1_83' title='bbox 584 1375 798 1440; x_wconf 78' lang='lat' dir='ltr'>nequeamus.</span> <span class='ocrx_word' id='word_1_84' title='bbox 815 1356 951 1432; x_wconf 85' lang='lat' dir='ltr'>Deinde,</span> <span class='ocrx_word' id='word_1_85' title='bbox 967 1356 1031 1420; x_wconf 89' lang='lat' dir='ltr'>nisi</span> <span class='ocrx_word' id='word_1_86' title='bbox 1048 1356 1197 1420; x_wconf 88' lang='lat' dir='ltr'>dicamus</span> <span class='ocrx_word' id='word_1_87' title='bbox 1213 1377 1269 1439; x_wconf 91' lang='lat' dir='ltr'>pu·</span> 
     </span>
     <span class='ocr_line' id='line_1_12' title="bbox 183 1457 1270 1539; baseline 0.002 -19"><span class='ocrx_word' id='word_1_88' title='bbox 183 1476 255 1520; x_wconf 86' lang='lat' dir='ltr'>ram</span> <span class='ocrx_word' id='word_1_89' title='bbox 268 1457 490 1521; x_wconf 83' lang='lat' dir='ltr'>extensionem</span> <span class='ocrx_word' id='word_1_90' title='bbox 503 1458 734 1539; x_wconf 88' lang='lat' dir='ltr'>geometricam</span> <span class='ocrx_word' id='word_1_91' title='bbox 749 1476 817 1521; x_wconf 91' lang='lat' dir='ltr'>esse</span> <span class='ocrx_word' id='word_1_92' title='bbox 830 1475 962 1537; x_wconf 88' lang='lat' dir='ltr'>corpus,</span> <span class='ocrx_word' id='word_1_93' title='bbox 975 1457 1143 1539; x_wconf 90' lang='lat' dir='ltr'>quomodo</span> <span class='ocrx_word' id='word_1_94' title='bbox 1156 1458 1270 1539; x_wconf 88' lang='lat' dir='ltr'>proba-</span> 
     </span>
     <span class='ocr_line' id='line_1_13' title="bbox 183 1543 1175 1639; baseline 0.001 -19"><span class='ocrx_word' id='word_1_95' title='bbox 183 1555 275 1620; x_wconf 90' lang='lat' dir='ltr'>bitur</span> <span class='ocrx_word' id='word_1_96' title='bbox 289 1573 426 1619; x_wconf 86' lang='lat' dir='ltr'>vacnum</span> <span class='ocrx_word' id='word_1_97' title='bbox 444 1557 633 1637; x_wconf 81' lang='lat' dir='ltr'>huiusmodi</span> <span class='ocrx_word' id='word_1_98' title='bbox 647 1543 851 1639; x_wconf 80' lang='lat' dir='ltr'>repugnaret</span> <span class='ocrx_word' id='word_1_99' title='bbox 866 1555 929 1620; x_wconf 90' lang='lat' dir='ltr'>Sed</span> <span class='ocrx_word' id='word_1_100' title='bbox 946 1555 987 1620; x_wconf 90' lang='lat' dir='ltr'>de</span> <span class='ocrx_word' id='word_1_101' title='bbox 1003 1555 1067 1621; x_wconf 89' lang='lat' dir='ltr'>hoo</span> <span class='ocrx_word' id='word_1_102' title='bbox 1081 1555 1175 1621; x_wconf 90' lang='lat' dir='ltr'>alibi.</span> 
     </span>
    </p>

    <p class='ocr_par' dir='ltr' id='par_1_6' title="bbox 183 1652 1271 2017">
     <span class='ocr_line' id='line_1_14' title="bbox 225 1652 1270 1736; baseline -0.001 -17"><span class='ocrx_word' id='word_1_103' title='bbox 225 1653 242 1683; x_wconf 93' lang='lat'>*</span> <span class='ocrx_word' id='word_1_104' title='bbox 263 1655 334 1719; x_wconf 68' lang='lat'>249.</span> <span class='ocrx_word' id='word_1_105' title='bbox 357 1652 500 1736; x_wconf 86' lang='lat' dir='ltr'>Objicies</span> <span class='ocrx_word' id='word_1_106' title='bbox 515 1655 627 1719; x_wconf 88' lang='lat' dir='ltr'>adhuc</span> <span class='ocrx_word' id='word_1_107' title='bbox 644 1673 652 1719; x_wconf 92' lang='lat'>:</span> <span class='ocrx_word' id='word_1_108' title='bbox 670 1673 853 1736; x_wconf 85' lang='lat' dir='ltr'>repugnare</span> <span class='ocrx_word' id='word_1_109' title='bbox 880 1653 1080 1718; x_wconf 89' lang='lat' dir='ltr'>mundorum</span> <span class='ocrx_word' id='word_1_110' title='bbox 1102 1654 1270 1735; x_wconf 86' lang='lat' dir='ltr'>pluralita-</span> 
     </span>
     <span class='ocr_line' id='line_1_15' title="bbox 184 1752 1271 1830; baseline 0.002 -13"><span class='ocrx_word' id='word_1_111' title='bbox 184 1765 270 1830; x_wconf 90' lang='lat' dir='ltr'>tem;</span> <span class='ocrx_word' id='word_1_112' title='bbox 288 1752 431 1817; x_wconf 88' lang='lat' dir='ltr'>mundus</span> <span class='ocrx_word' id='word_1_113' title='bbox 446 1753 547 1828; x_wconf 90' lang='lat' dir='ltr'>enim,</span> <span class='ocrx_word' id='word_1_114' title='bbox 561 1770 636 1818; x_wconf 88' lang='lat' dir='ltr'>oum</span> <span class='ocrx_word' id='word_1_115' title='bbox 648 1754 691 1816; x_wconf 91' lang='lat' dir='ltr'>sit</span> <span class='ocrx_word' id='word_1_116' title='bbox 702 1771 814 1816; x_wconf 89' lang='lat' dir='ltr'>rerum</span> <span class='ocrx_word' id='word_1_117' title='bbox 827 1753 1032 1829; x_wconf 73' lang='lat' dir='ltr'>universitas,</span> <span class='ocrx_word' id='word_1_118' title='bbox 1045 1755 1157 1818; x_wconf 90' lang='lat' dir='ltr'>omnia</span> <span class='ocrx_word' id='word_1_119' title='bbox 1169 1767 1271 1819; x_wconf 86' lang='lat' dir='ltr'>creata</span> 
     </span>
     <span class='ocr_line' id='line_1_16' title="bbox 184 1852 1270 1935; baseline 0 -20"><span class='ocrx_word' id='word_1_120' title='bbox 184 1852 428 1934; x_wconf 82' lang='lat' dir='ltr'>complectitur.</span> <span class='ocrx_word' id='word_1_121' title='bbox 459 1854 630 1935; x_wconf 73' lang='lat' dir='ltr'>Repugnat</span> <span class='ocrx_word' id='word_1_122' title='bbox 654 1862 763 1916; x_wconf 90' lang='lat' dir='ltr'>autem</span> <span class='ocrx_word' id='word_1_123' title='bbox 793 1870 863 1916; x_wconf 90' lang='lat' dir='ltr'>esse</span> <span class='ocrx_word' id='word_1_124' title='bbox 891 1852 1018 1933; x_wconf 92' lang='lat' dir='ltr'>aliquid</span> <span class='ocrx_word' id='word_1_125' title='bbox 1048 1852 1133 1915; x_wconf 90' lang='lat' dir='ltr'>ultra</span> <span class='ocrx_word' id='word_1_126' title='bbox 1161 1855 1270 1917; x_wconf 89' lang='lat' dir='ltr'>omnia</span> 
     </span>
     <span class='ocr_line' id='line_1_17' title="bbox 183 1962 304 2017; baseline -0.025 0"><span class='ocrx_word' id='word_1_127' title='bbox 183 1962 304 2017; x_wconf 78' lang='lat' dir='ltr'>creata.</span> 
     </span>
    </p>

    <p class='ocr_par' dir='ltr' id='par_1_7' title="bbox 184 2050 1272 2331">
     <span class='ocr_line' id='line_1_18' title="bbox 227 2050 1272 2132; baseline 0 -17"><span class='ocrx_word' id='word_1_128' title='bbox 227 2051 328 2132; x_wconf 85' lang='lat' dir='ltr'>Resp.</span> <span class='ocrx_word' id='word_1_129' title='bbox 358 2050 518 2114; x_wconf 86' lang='lat' dir='ltr'>liundum</span> <span class='ocrx_word' id='word_1_130' title='bbox 544 2068 648 2130; x_wconf 82' lang='lat' dir='ltr'>unum</span> <span class='ocrx_word' id='word_1_131' title='bbox 677 2069 748 2114; x_wconf 85' lang='lat' dir='ltr'>esse</span> <span class='ocrx_word' id='word_1_132' title='bbox 769 2068 879 2114; x_wconf 89' lang='lat' dir='ltr'>rerum</span> <span class='ocrx_word' id='word_1_133' title='bbox 907 2051 1162 2128; x_wconf 88' lang='lat' dir='ltr'>universitatem,</span> <span class='ocrx_word' id='word_1_134' title='bbox 1193 2053 1272 2117; x_wconf 84' lang='lat' dir='ltr'>iacta</span> 
     </span>
     <span class='ocr_line' id='line_1_19' title="bbox 185 2149 1271 2231; baseline 0.002 -18"><span class='ocrx_word' id='word_1_135' title='bbox 185 2150 360 2231; x_wconf 78' lang='lat' dir='ltr'>hypothesi</span> <span class='ocrx_word' id='word_1_136' title='bbox 377 2149 466 2231; x_wconf 90' lang='lat' dir='ltr'>quod</span> <span class='ocrx_word' id='word_1_137' title='bbox 490 2150 574 2213; x_wconf 83' lang='lat' dir='ltr'>[leus</span> <span class='ocrx_word' id='word_1_138' title='bbox 596 2167 698 2213; x_wconf 89' lang='lat' dir='ltr'>unum</span> <span class='ocrx_word' id='word_1_139' title='bbox 724 2150 953 2214; x_wconf 89' lang='lat' dir='ltr'>tantummodo</span> <span class='ocrx_word' id='word_1_140' title='bbox 982 2149 1142 2214; x_wconf 91' lang='lat' dir='ltr'>mundum</span> <span class='ocrx_word' id='word_1_141' title='bbox 1158 2152 1271 2215; x_wconf 89' lang='lat' dir='ltr'>condi·</span> 
     </span>
     <span class='ocr_line' id='line_1_20' title="bbox 184 2247 1271 2331; baseline 0 -17"><span class='ocrx_word' id='word_1_142' title='bbox 184 2249 284 2314; x_wconf 90' lang='lat' dir='ltr'>derit.</span> <span class='ocrx_word' id='word_1_143' title='bbox 302 2247 395 2321; x_wconf 81' lang='lat' dir='ltr'>ouon</span> <span class='ocrx_word' id='word_1_144' title='bbox 422 2247 449 2312; x_wconf 88' lang='lat' dir='ltr'>si</span> <span class='ocrx_word' id='word_1_145' title='bbox 476 2251 560 2313; x_wconf 86' lang='lat' dir='ltr'>Deus</span> <span class='ocrx_word' id='word_1_146' title='bbox 587 2249 697 2331; x_wconf 89' lang='lat' dir='ltr'>plures</span> <span class='ocrx_word' id='word_1_147' title='bbox 724 2247 865 2313; x_wconf 89' lang='lat' dir='ltr'>mundos</span> <span class='ocrx_word' id='word_1_148' title='bbox 890 2248 1104 2325; x_wconf 87' lang='lat' dir='ltr'>condidisset,</span> <span class='ocrx_word' id='word_1_149' title='bbox 1128 2249 1271 2331; x_wconf 84' lang='lat' dir='ltr'>proiecto</span> 
     </span>
    </p>
   </div>
   <div class='ocr_carea' id='block_1_5' title="bbox 185 2346 1363 2529">
    <p class='ocr_par' dir='ltr' id='par_1_8' title="bbox 185 2346 1363 2529">
     <span class='ocr_line' id='line_1_21' title="bbox 186 2346 1363 2432; baseline 0.003 -22"><span class='ocrx_word' id='word_1_150' title='bbox 186 2347 331 2426; x_wconf 88' lang='lat' dir='ltr'>mundus</span> <span class='ocrx_word' id='word_1_151' title='bbox 355 2366 441 2410; x_wconf 89' lang='lat' dir='ltr'>unus</span> <span class='ocrx_word' id='word_1_152' title='bbox 461 2354 527 2411; x_wconf 89' lang='lat' dir='ltr'>tota</span> <span class='ocrx_word' id='word_1_153' title='bbox 544 2365 654 2410; x_wconf 86' lang='lat' dir='ltr'>rerum</span> <span class='ocrx_word' id='word_1_154' title='bbox 677 2346 872 2410; x_wconf 75' lang='lat' dir='ltr'>universitas</span> <span class='ocrx_word' id='word_1_155' title='bbox 887 2364 954 2412; x_wconf 91' lang='lat' dir='ltr'>non</span> <span class='ocrx_word' id='word_1_156' title='bbox 969 2356 1066 2412; x_wconf 87' lang='lat' dir='ltr'>esset.</span> <span class='ocrx_word' id='word_1_157' title='bbox 1082 2347 1271 2432; x_wconf 85' lang='lat' dir='ltr'>Quanquam</span> <span class='ocrx_word' id='word_1_158' title='bbox 1362 2358 1363 2421; x_wconf 74' lang='lat' dir='ltr'>l</span> 
     </span>
     <span class='ocr_line' id='line_1_22' title="bbox 185 2445 1363 2529; baseline 0 -18"><span class='ocrx_word' id='word_1_159' title='bbox 185 2448 216 2511; x_wconf 87' lang='lat' dir='ltr'>si</span> <span class='ocrx_word' id='word_1_160' title='bbox 239 2445 346 2509; x_wconf 71' lang='lat' dir='ltr'>caeteri</span> <span class='ocrx_word' id='word_1_161' title='bbox 374 2445 489 2508; x_wconf 88' lang='lat' dir='ltr'>mundi</span> <span class='ocrx_word' id='word_1_162' title='bbox 524 2455 630 2509; x_wconf 88' lang='lat' dir='ltr'>essent</span> <span class='ocrx_word' id='word_1_163' title='bbox 657 2463 676 2508; x_wconf 90' lang='lat' dir='ltr'>a</span> <span class='ocrx_word' id='word_1_164' title='bbox 704 2455 817 2509; x_wconf 89' lang='lat' dir='ltr'>nostro</span> <span class='ocrx_word' id='word_1_165' title='bbox 849 2455 981 2528; x_wconf 87' lang='lat' dir='ltr'>aspectu</span> <span class='ocrx_word' id='word_1_166' title='bbox 1015 2455 1191 2529; x_wconf 88' lang='lat' dir='ltr'>nostraque</span> <span class='ocrx_word' id='word_1_167' title='bbox 1219 2468 1272 2513; x_wconf 91' lang='lat' dir='ltr'>co·</span> <span class='ocrx_word' id='word_1_168' title='bbox 1362 2506 1363 2511; x_wconf 73' lang='grc'>,</span> 
     </span>
    </p>
   </div>
   <div class='ocr_carea' id='block_1_6' title="bbox 185 2536 1307 4008">
    <p class='ocr_par' dir='ltr' id='par_1_9' title="bbox 185 2536 1273 2808">
     <span class='ocr_line' id='line_1_23' title="bbox 185 2536 1273 2627; baseline 0.004 -20"><span class='ocrx_word' id='word_1_169' title='bbox 185 2545 337 2627; x_wconf 87' lang='lat' dir='ltr'>gnitione</span> <span class='ocrx_word' id='word_1_170' title='bbox 351 2561 486 2624; x_wconf 89' lang='lat' dir='ltr'>prorsus</span> <span class='ocrx_word' id='word_1_171' title='bbox 502 2544 631 2618; x_wconf 91' lang='lat' dir='ltr'>remoti,</span> <span class='ocrx_word' id='word_1_172' title='bbox 648 2544 757 2607; x_wconf 90' lang='lat' dir='ltr'>adhuc</span> <span class='ocrx_word' id='word_1_173' title='bbox 781 2544 847 2608; x_wconf 92' lang='lat' dir='ltr'>dici</span> <span class='ocrx_word' id='word_1_174' title='bbox 874 2555 984 2627; x_wconf 91' lang='lat' dir='ltr'>posset</span> <span class='ocrx_word' id='word_1_175' title='bbox 1004 2536 1164 2610; x_wconf 90' lang='lat' dir='ltr'>mundum</span> <span class='ocrx_word' id='word_1_176' title='bbox 1186 2547 1273 2611; x_wconf 90' lang='lat' dir='ltr'>hunc</span> 
     </span>
     <span class='ocr_line' id='line_1_24' title="bbox 188 2641 1273 2726; baseline 0.001 -19"><span class='ocrx_word' id='word_1_177' title='bbox 188 2645 246 2726; x_wconf 92' lang='lat' dir='ltr'>qui</span> <span class='ocrx_word' id='word_1_178' title='bbox 271 2643 368 2707; x_wconf 91' lang='lat' dir='ltr'>nobis</span> <span class='ocrx_word' id='word_1_179' title='bbox 390 2641 520 2723; x_wconf 75' lang='lat' dir='ltr'>obtigit,</span> <span class='ocrx_word' id='word_1_180' title='bbox 540 2651 641 2706; x_wconf 91' lang='lat' dir='ltr'>totam</span> <span class='ocrx_word' id='word_1_181' title='bbox 668 2660 777 2705; x_wconf 91' lang='lat' dir='ltr'>rerum</span> <span class='ocrx_word' id='word_1_182' title='bbox 800 2644 1008 2725; x_wconf 72' lang='lat' dir='ltr'>sensibilium</span> <span class='ocrx_word' id='word_1_183' title='bbox 1031 2646 1273 2711; x_wconf 87' lang='lat' dir='ltr'>universitatem</span> 
     </span>
     <span class='ocr_line' id='line_1_25' title="bbox 186 2761 270 2808; baseline -0.012 0"><span class='ocrx_word' id='word_1_184' title='bbox 186 2761 270 2808; x_wconf 90' lang='lat' dir='ltr'>esse.</span> 
     </span>
    </p>

    <p class='ocr_par' dir='ltr' id='par_1_10' title="bbox 189 2840 1307 3497">
     <span class='ocr_line' id='line_1_26' title="bbox 230 2840 1273 2925; baseline 0.003 -21"><span class='ocrx_word' id='word_1_185' title='bbox 230 2840 247 2870; x_wconf 89' lang='lat'>*</span> <span class='ocrx_word' id='word_1_186' title='bbox 261 2840 333 2906; x_wconf 71' lang='lat' dir='ltr'>tto.</span> <span class='ocrx_word' id='word_1_187' title='bbox 348 2842 394 2906; x_wconf 84' lang='lat' dir='ltr'>Ex</span> <span class='ocrx_word' id='word_1_188' title='bbox 411 2840 508 2904; x_wconf 90' lang='lat' dir='ltr'>dictis</span> <span class='ocrx_word' id='word_1_189' title='bbox 520 2841 666 2921; x_wconf 88' lang='lat' dir='ltr'>colliges,</span> <span class='ocrx_word' id='word_1_190' title='bbox 680 2842 812 2905; x_wconf 89' lang='lat' dir='ltr'>deliniri</span> <span class='ocrx_word' id='word_1_191' title='bbox 824 2861 842 2905; x_wconf 92' lang='lat' dir='ltr'>a</span> <span class='ocrx_word' id='word_1_192' title='bbox 854 2843 950 2907; x_wconf 92' lang='lat' dir='ltr'>nobis</span> <span class='ocrx_word' id='word_1_193' title='bbox 962 2861 1027 2907; x_wconf 90' lang='lat' dir='ltr'>non</span> <span class='ocrx_word' id='word_1_194' title='bbox 1045 2862 1150 2925; x_wconf 86' lang='lat' dir='ltr'>posse,</span> <span class='ocrx_word' id='word_1_195' title='bbox 1164 2853 1273 2909; x_wconf 88' lang='lat' dir='ltr'>utrum</span> 
     </span>
     <span class='ocr_line' id='line_1_27' title="bbox 189 2939 1274 3024; baseline 0.002 -19"><span class='ocrx_word' id='word_1_196' title='bbox 189 2959 276 3005; x_wconf 88' lang='lat' dir='ltr'>unus</span> <span class='ocrx_word' id='word_1_197' title='bbox 299 2939 342 3002; x_wconf 90' lang='lat' dir='ltr'>sit</span> <span class='ocrx_word' id='word_1_198' title='bbox 356 2958 374 3002; x_wconf 91' lang='lat' dir='ltr'>a</span> <span class='ocrx_word' id='word_1_199' title='bbox 390 2941 457 3004; x_wconf 85' lang='lat' dir='ltr'>lieo</span> <span class='ocrx_word' id='word_1_200' title='bbox 472 2941 615 3004; x_wconf 92' lang='lat' dir='ltr'>mundus</span> <span class='ocrx_word' id='word_1_201' title='bbox 629 2941 795 3019; x_wconf 87' lang='lat' dir='ltr'>conditus,</span> <span class='ocrx_word' id='word_1_202' title='bbox 812 2959 853 3004; x_wconf 91' lang='lat' dir='ltr'>an</span> <span class='ocrx_word' id='word_1_203' title='bbox 868 2960 944 3006; x_wconf 90' lang='lat' dir='ltr'>vero</span> <span class='ocrx_word' id='word_1_204' title='bbox 960 2942 1082 3024; x_wconf 89' lang='lat' dir='ltr'>plures.</span> <span class='ocrx_word' id='word_1_205' title='bbox 1098 2941 1170 3006; x_wconf 87' lang='lat' dir='ltr'>Non</span> <span class='ocrx_word' id='word_1_206' title='bbox 1186 2944 1274 3007; x_wconf 90' lang='lat' dir='ltr'>enim</span> 
     </span>
     <span class='ocr_line' id='line_1_28' title="bbox 189 3038 1307 3135; baseline 0.001 -33"><span class='ocrx_word' id='word_1_207' title='bbox 189 3039 225 3102; x_wconf 91' lang='lat' dir='ltr'>id</span> <span class='ocrx_word' id='word_1_208' title='bbox 241 3058 260 3102; x_wconf 90' lang='lat' dir='ltr'>a</span> <span class='ocrx_word' id='word_1_209' title='bbox 275 3038 380 3120; x_wconf 88' lang='lat' dir='ltr'>priori</span> <span class='ocrx_word' id='word_1_210' title='bbox 397 3047 546 3102; x_wconf 87' lang='lat' dir='ltr'>constare</span> <span class='ocrx_word' id='word_1_211' title='bbox 560 3048 677 3120; x_wconf 91' lang='lat' dir='ltr'>potest,</span> <span class='ocrx_word' id='word_1_212' title='bbox 691 3048 726 3102; x_wconf 92' lang='lat' dir='ltr'>ut</span> <span class='ocrx_word' id='word_1_213' title='bbox 739 3040 838 3103; x_wconf 90' lang='lat' dir='ltr'>modo</span> <span class='ocrx_word' id='word_1_214' title='bbox 851 3039 1004 3115; x_wconf 88' lang='lat' dir='ltr'>vidimus,</span> <span class='ocrx_word' id='word_1_215' title='bbox 1018 3059 1124 3123; x_wconf 89' lang='lat' dir='ltr'>neque</span> <span class='ocrx_word' id='word_1_216' title='bbox 1138 3060 1157 3104; x_wconf 90' lang='lat' dir='ltr'>a</span> <span class='ocrx_word' id='word_1_217' title='bbox 1170 3050 1274 3125; x_wconf 90' lang='lat' dir='ltr'>poste·</span> <span class='ocrx_word' id='word_1_218' title='bbox 1303 3120 1307 3135; x_wconf 72' lang='lat'>.</span> 
     </span>
     <span class='ocr_line' id='line_1_29' title="bbox 189 3137 1274 3220; baseline 0.004 -19"><span class='ocrx_word' id='word_1_219' title='bbox 189 3138 285 3214; x_wconf 86' lang='lat' dir='ltr'>riori,</span> <span class='ocrx_word' id='word_1_220' title='bbox 304 3137 423 3218; x_wconf 87' lang='lat' dir='ltr'>quiesi</span> <span class='ocrx_word' id='word_1_221' title='bbox 441 3147 557 3218; x_wconf 85' lang='lat' dir='ltr'>praeter</span> <span class='ocrx_word' id='word_1_222' title='bbox 572 3139 661 3203; x_wconf 89' lang='lat' dir='ltr'>hunc</span> <span class='ocrx_word' id='word_1_223' title='bbox 676 3157 774 3220; x_wconf 91' lang='lat' dir='ltr'>quem</span> <span class='ocrx_word' id='word_1_224' title='bbox 791 3140 980 3215; x_wconf 89' lang='lat' dir='ltr'>incolimus,</span> <span class='ocrx_word' id='word_1_225' title='bbox 1002 3140 1058 3203; x_wconf 89' lang='lat' dir='ltr'>alii</span> <span class='ocrx_word' id='word_1_226' title='bbox 1075 3141 1189 3205; x_wconf 91' lang='lat' dir='ltr'>mundi</span> <span class='ocrx_word' id='word_1_227' title='bbox 1207 3143 1274 3205; x_wconf 87' lang='lat' dir='ltr'>exi·</span> 
     </span>
     <span class='ocr_line' id='line_1_30' title="bbox 189 3236 1274 3319; baseline 0.004 -19"><span class='ocrx_word' id='word_1_228' title='bbox 189 3239 325 3313; x_wconf 78' lang='lat' dir='ltr'>sterent,</span> <span class='ocrx_word' id='word_1_229' title='bbox 342 3236 366 3297; x_wconf 92' lang='lat' dir='ltr'>ii</span> <span class='ocrx_word' id='word_1_230' title='bbox 384 3237 490 3299; x_wconf 89' lang='lat' dir='ltr'>loreut</span> <span class='ocrx_word' id='word_1_231' title='bbox 505 3237 714 3318; x_wconf 87' lang='lat' dir='ltr'>experientiae</span> <span class='ocrx_word' id='word_1_232' title='bbox 740 3247 858 3301; x_wconf 90' lang='lat' dir='ltr'>nostrae</span> <span class='ocrx_word' id='word_1_233' title='bbox 885 3237 1015 3319; x_wconf 90' lang='lat' dir='ltr'>penitus</span> <span class='ocrx_word' id='word_1_234' title='bbox 1030 3238 1199 3304; x_wconf 90' lang='lat' dir='ltr'>inaccessi.</span> <span class='ocrx_word' id='word_1_235' title='bbox 1216 3241 1274 3306; x_wconf 91' lang='lat' dir='ltr'>So·</span> 
     </span>
     <span class='ocr_line' id='line_1_31' title="bbox 190 3333 1274 3419; baseline 0.007 -24"><span class='ocrx_word' id='word_1_236' title='bbox 190 3334 262 3396; x_wconf 90' lang='lat' dir='ltr'>lum</span> <span class='ocrx_word' id='word_1_237' title='bbox 278 3333 433 3413; x_wconf 79' lang='lat' dir='ltr'>igiturex</span> <span class='ocrx_word' id='word_1_238' title='bbox 454 3333 564 3396; x_wconf 90' lang='lat' dir='ltr'>diviua</span> <span class='ocrx_word' id='word_1_239' title='bbox 586 3335 783 3398; x_wconf 83' lang='lat' dir='ltr'>revelatione</span> <span class='ocrx_word' id='word_1_240' title='bbox 805 3341 940 3416; x_wconf 89' lang='lat' dir='ltr'>quaestio</span> <span class='ocrx_word' id='word_1_241' title='bbox 968 3337 1037 3399; x_wconf 84' lang='lat' dir='ltr'>baec</span> <span class='ocrx_word' id='word_1_242' title='bbox 1051 3338 1132 3400; x_wconf 88' lang='lat' dir='ltr'>solvi</span> <span class='ocrx_word' id='word_1_243' title='bbox 1148 3350 1274 3419; x_wconf 88' lang='lat' dir='ltr'>posset;</span> 
     </span>
     <span class='ocr_line' id='line_1_32' title="bbox 190 3430 923 3497; baseline 0.003 -2"><span class='ocrx_word' id='word_1_244' title='bbox 190 3430 247 3495; x_wconf 91' lang='lat' dir='ltr'>sed</span> <span class='ocrx_word' id='word_1_245' title='bbox 266 3430 306 3492; x_wconf 91' lang='lat' dir='ltr'>de</span> <span class='ocrx_word' id='word_1_246' title='bbox 323 3430 384 3492; x_wconf 92' lang='lat' dir='ltr'>hac</span> <span class='ocrx_word' id='word_1_247' title='bbox 399 3448 435 3491; x_wconf 91' lang='lat' dir='ltr'>re</span> <span class='ocrx_word' id='word_1_248' title='bbox 447 3430 532 3493; x_wconf 89' lang='lat' dir='ltr'>nihil</span> <span class='ocrx_word' id='word_1_249' title='bbox 549 3430 637 3494; x_wconf 86' lang='lat' dir='ltr'>Deus</span> <span class='ocrx_word' id='word_1_250' title='bbox 648 3431 746 3494; x_wconf 87' lang='lat' dir='ltr'>nobis</span> <span class='ocrx_word' id='word_1_251' title='bbox 761 3433 923 3497; x_wconf 91' lang='lat' dir='ltr'>revelavit.</span> 
     </span>
    </p>

    <p class='ocr_par' dir='ltr' id='par_1_11' title="bbox 191 3527 1276 4008">
     <span class='ocr_line' id='line_1_33' title="bbox 232 3527 1275 3616; baseline 0.005 -24"><span class='ocrx_word' id='word_1_252' title='bbox 232 3527 249 3557; x_wconf 88' lang='lat'>*</span> <span class='ocrx_word' id='word_1_253' title='bbox 262 3527 335 3592; x_wconf 74' lang='lat'>251.</span> <span class='ocrx_word' id='word_1_254' title='bbox 355 3528 485 3591; x_wconf 81' lang='lat' dir='ltr'>Diversa</span> <span class='ocrx_word' id='word_1_255' title='bbox 501 3547 636 3610; x_wconf 88' lang='lat' dir='ltr'>prorsus</span> <span class='ocrx_word' id='word_1_256' title='bbox 650 3529 692 3591; x_wconf 87' lang='lat' dir='ltr'>de</span> <span class='ocrx_word' id='word_1_257' title='bbox 715 3530 914 3594; x_wconf 87' lang='lat' dir='ltr'>mundorum</span> <span class='ocrx_word' id='word_1_258' title='bbox 938 3531 1091 3612; x_wconf 87' lang='lat' dir='ltr'>pluritate</span> <span class='ocrx_word' id='word_1_259' title='bbox 1110 3535 1275 3616; x_wconf 88' lang='lat' dir='ltr'>proposita</span> 
     </span>
     <span class='ocr_line' id='line_1_34' title="bbox 191 3627 1275 3711; baseline 0.006 -21"><span class='ocrx_word' id='word_1_260' title='bbox 191 3637 241 3690; x_wconf 90' lang='lat' dir='ltr'>est</span> <span class='ocrx_word' id='word_1_261' title='bbox 255 3627 393 3708; x_wconf 85' lang='lat' dir='ltr'>quaestio</span> <span class='ocrx_word' id='word_1_262' title='bbox 409 3645 427 3689; x_wconf 92' lang='lat' dir='ltr'>a</span> <span class='ocrx_word' id='word_1_263' title='bbox 442 3627 639 3708; x_wconf 88' lang='lat' dir='ltr'>quibusdam</span> <span class='ocrx_word' id='word_1_264' title='bbox 655 3628 729 3690; x_wconf 87' lang='lat' dir='ltr'>aliis</span> <span class='ocrx_word' id='word_1_265' title='bbox 745 3639 813 3691; x_wconf 91' lang='lat' dir='ltr'>tum</span> <span class='ocrx_word' id='word_1_266' title='bbox 829 3630 986 3711; x_wconf 88' lang='lat' dir='ltr'>antiquis,</span> <span class='ocrx_word' id='word_1_267' title='bbox 1000 3640 1069 3694; x_wconf 91' lang='lat' dir='ltr'>tum</span> <span class='ocrx_word' id='word_1_268' title='bbox 1085 3634 1275 3699; x_wconf 88' lang='lat' dir='ltr'>recentiori·</span> 
     </span>
     <span class='ocr_line' id='line_1_35' title="bbox 191 3724 1275 3811; baseline 0.006 -23"><span class='ocrx_word' id='word_1_269' title='bbox 191 3724 254 3788; x_wconf 89' lang='lat' dir='ltr'>bus</span> <span class='ocrx_word' id='word_1_270' title='bbox 266 3725 486 3808; x_wconf 88' lang='lat' dir='ltr'>philosophis.</span> <span class='ocrx_word' id='word_1_271' title='bbox 496 3727 555 3800; x_wconf 84' lang='lat' dir='ltr'>Qui</span> <span class='ocrx_word' id='word_1_272' title='bbox 572 3725 685 3788; x_wconf 89' lang='lat' dir='ltr'>mundi</span> <span class='ocrx_word' id='word_1_273' title='bbox 701 3727 833 3790; x_wconf 89' lang='lat' dir='ltr'>nomine</span> <span class='ocrx_word' id='word_1_274' title='bbox 847 3746 914 3792; x_wconf 93' lang='lat' dir='ltr'>non</span> <span class='ocrx_word' id='word_1_275' title='bbox 927 3747 1038 3791; x_wconf 91' lang='lat' dir='ltr'>rerum</span> <span class='ocrx_word' id='word_1_276' title='bbox 1049 3732 1275 3811; x_wconf 88' lang='lat' dir='ltr'>spectabilium</span> 
     </span>
     <span class='ocr_line' id='line_1_36' title="bbox 192 3822 1275 3912; baseline 0.006 -26"><span class='ocrx_word' id='word_1_277' title='bbox 192 3822 452 3899; x_wconf 89' lang='lat' dir='ltr'>universitatem,</span> <span class='ocrx_word' id='word_1_278' title='bbox 464 3822 520 3886; x_wconf 92' lang='lat' dir='ltr'>sed</span> <span class='ocrx_word' id='word_1_279' title='bbox 532 3824 666 3904; x_wconf 79' lang='lat' dir='ltr'>globum</span> <span class='ocrx_word' id='word_1_280' title='bbox 678 3824 720 3887; x_wconf 92' lang='lat' dir='ltr'>ab</span> <span class='ocrx_word' id='word_1_281' title='bbox 735 3825 933 3890; x_wconf 89' lang='lat' dir='ltr'>animalibus</span> <span class='ocrx_word' id='word_1_282' title='bbox 950 3828 1205 3912; x_wconf 87' lang='lat' dir='ltr'>hominibusque</span> <span class='ocrx_word' id='word_1_283' title='bbox 1222 3832 1275 3893; x_wconf 91' lang='lat' dir='ltr'>ha·</span> 
     </span>
     <span class='ocr_line' id='line_1_37' title="bbox 193 3919 1276 4008; baseline 0.006 -24"><span class='ocrx_word' id='word_1_284' title='bbox 193 3919 362 3984; x_wconf 87' lang='lat' dir='ltr'>bitabilem</span> <span class='ocrx_word' id='word_1_285' title='bbox 375 3920 612 4003; x_wconf 89' lang='lat' dir='ltr'>intelligebant,</span> <span class='ocrx_word' id='word_1_286' title='bbox 624 3923 771 3988; x_wconf 90' lang='lat' dir='ltr'>eomodo</span> <span class='ocrx_word' id='word_1_287' title='bbox 784 3942 850 4005; x_wconf 89' lang='lat' dir='ltr'>quo</span> <span class='ocrx_word' id='word_1_288' title='bbox 862 3926 1089 4008; x_wconf 86' lang='lat' dir='ltr'>terramquam</span> <span class='ocrx_word' id='word_1_289' title='bbox 1102 3928 1276 3991; x_wconf 88' lang='lat' dir='ltr'>incolimus</span> 
     </span>
    </p>
   </div>
   <div class='ocr_carea' id='block_1_7' title="bbox 193 4018 1276 4108">
    <p class='ocr_par' dir='ltr' id='par_1_12' title="bbox 193 4018 1276 4108">
     <span class='ocr_line' id='line_1_38' title="bbox 193 4018 1276 4108; baseline 0.011 -29"><span class='ocrx_word' id='word_1_290' title='bbox 193 4018 355 4079; x_wconf 89' lang='lat' dir='ltr'>mundum</span> <span class='ocrx_word' id='word_1_291' title='bbox 371 4019 481 4084; x_wconf 86' lang='lat' dir='ltr'>dicere</span> <span class='ocrx_word' id='word_1_292' title='bbox 496 4022 650 4085; x_wconf 85' lang='lat' dir='ltr'>solemus.</span> <span class='ocrx_word' id='word_1_293' title='bbox 668 4022 757 4086; x_wconf 87' lang='lat' dir='ltr'>lnter</span> <span class='ocrx_word' id='word_1_294' title='bbox 768 4032 890 4087; x_wconf 89' lang='lat' dir='ltr'>veteres</span> <span class='ocrx_word' id='word_1_295' title='bbox 904 4025 1125 4108; x_wconf 83' lang='lat' dir='ltr'>Xenophanes</span> <span class='ocrx_word' id='word_1_296' title='bbox 1136 4026 1276 4091; x_wconf 88' lang='lat' dir='ltr'>maxime</span> 
     </span>
    </p>
   </div>
   <div class='ocr_carea' id='block_1_8' title="bbox 0 0 1413 4600">
    <p class='ocr_par' dir='ltr' id='par_1_13' title="bbox 0 0 1413 4600">
     <span class='ocr_line' id='line_1_39' title="bbox 0 0 1413 4600; baseline 0 0"><span class='ocrx_word' id='word_1_297' title='bbox 0 0 1413 4600; x_wconf 95' lang='lat' dir='ltr'> </span> 
     </span>
    </p>
   </div>
  </div>
 </body>
</html>
