2792 4600
178 403 240 465 til
500 409 505 418 ·
632 416 803 462 omniomi.

111 565 113 568 ·
165 536 256 599 'biles
280 535 466 598 indefinitas
489 553 570 608 esse,
607 534 777 614 ipsamque
810 533 878 611 ejus
909 532 1169 594 divisibilitatcm
1193 551 1266 595 esse

180 635 398 697 indefinitam.

216 732 287 795 555.
313 732 396 814 Opp.
423 730 461 793 ΙΙ.
485 728 702 792 Mathematici
744 747 828 809 saepc
858 728 1039 809 loquuntur
1062 729 1102 791 dc
1125 728 1266 790 infinitis

173 830 429 911 quantitatibus;
448 838 478 891 et
496 828 709 909 quantitatem
727 845 956 908 quamcunque
973 827 1097 890 finitam
1115 847 1181 908 prae
1196 828 1264 889 illis

174 929 357 1008 negligunt.
401 988 405 997 ,

218 1028 314 1107 Resp.
340 1011 535 1106 Loq'nuntur
551 1025 591 1086 de
609 1024 792 1097 indefinito,
809 1043 874 1087 non
889 1026 929 1087 de
944 1024 1073 1088 infinito
1089 1027 1264 1099 actuali‚ut
1366 1077 1367 1080 ,

173 1123 624 1204 omnesgeometriaetirones
640 1132 773 1190 norunt,

215 1222 286 1286 554.
303 1224 386 1302 Opp.
404 1222 458 1285 lll.
478 1223 554 1295 Quae
571 1220 741 1301 possibilia
758 1230 844 1293 sunt,
863 1221 900 1280 ad
932 1229 1038 1282 actum
1055 1220 1169 1283 reduci
1188 1240 1264 1302 pos·
1357 1209 1368 1279 J

174 1331 263 1383 sunt.
279 1321 339 1382 Sed
359 1319 567 1400 possibilium
596 1319 773 1382 multitudo
786 1329 833 1380 est
849 1319 976 1380 infinita
992 1318 1067 1396 (69).
1081 1317 1165 1400 Ergo
1179 1318 1265 1382 mul·
1368 1327 1370 1374 t

174 1421 280 1481 titudo
294 1418 419 1479 infinita
437 1417 541 1496 polest
557 1417 596 1478 ad
610 1425 717 1479 actum
735 1417 858 1479 reduci.
1369 1427 1370 1434 ’

218 1519 314 1596 Resp.
328 1516 403 1576 ilict.
414 1516 487 1595 maj.
499 1515 698 1591 Successive‚
709 1516 952 1578 etsuccessione
968 1515 1267 1590 indefinita,conc.;
1370 1509 1371 1544 ¹

176 1616 277 1677 simul
294 1615 415 1689 omnia,
431 1633 518 1694 neco.
538 1614 651 1677 Omitto
668 1616 745 1677 min.
764 1616 804 1676 de
820 1601 913 1693 cujus
929 1632 1027 1677 sensu
1058 1615 1091 1675 in
1116 1615 1265 1695 sequenti

177 1713 390 1775 difficultate:
408 1723 440 1774 et
454 1731 523 1794 neq.
539 1732 622 1774 roos.

218 1812 316 1874 ’555
345 1810 428 1890 Opp.
454 1813 504 1874 lv,
521 1812 613 1873 Certe
640 1811 819 1875 multitudo
834 1822 906 1873 actu
923 1810 1049 1873 infinita
1066 1811 1172 1885 datur,
1194 1823 1266 1873 tan-

177 1931 276 1993 quam
292 1913 411 1975 divinae
425 1913 624 1992 cognitionis
641 1914 816 1977 terminus.
833 1912 915 1975 Nam

221 2012 249 2072 t⁰
271 2010 388 2073 Omnia
412 2011 583 2090 possibilia
605 2000 704 2073 simul
728 2011 855 2091 cognita
880 2010 1124 2073 multitudinem
1138 2012 1266 2074 entium

179 2110 336 2172 idealium
360 2122 432 2171 actu
456 2109 618 2171 infinitam
642 2112 858 2173 constituunt.
877 2110 938 2173 Sed
963 2110 1072 2173 omnia
1095 2112 1267 2191 possibilia

175 2208 275 2269 simul
293 2227 311 2269 a
324 2208 390 2270 Deo
403 2218 657 2288 cognoscuntur.
672 2207 770 2289 Ergo.

219 2309 252 2370 2⁰
268 2308 352 2370 Deus
368 2308 536 2388 cognoscit
552 2310 650 2371 unico
666 2318 739 2371 actu
755 2317 784 2371 et
800 2308 956 2371 distincte
974 2327 1088 2371 omncs
1104 2310 1268 2372 terminos

175 2409 275 2470 seriei
308 2407 496 2482 indefinitae,
524 2427 574 2470 ex.
602 2426 650 2488 gr.
678 2426 794 2471 omncs
821 2416 922 2483 actus,
940 2417 1138 2489 quosponct
1156 2409 1189 2470 in
1206 2427 1267 2471 sua

181 2518 336 2588 perpetua
354 2507 522 2568 existentia
539 2502 647 2569 anima
663 2507 872 2571 immortalis.
889 2507 984 2587 Ergo.

219 2608 316 2685 Resp.
333 2605 408 2687 Neq.
427 2616 495 2668 ont.
892 2609 899 2627 ⁸

219 2703 313 2767 *de
341 2705 378 2769 Ut
392 2704 430 2764 ad
449 2707 488 2766 l¹²¹
513 2705 672 2766 rationem
705 2704 932 2784 respondeam,
960 2703 1109 2784 quaedam
1135 2721 1266 2784 praeno·

177 2803 265 2865 tabo.

219 2903 250 2962 l⁰
268 2900 438 2964 Possibilia
452 2910 527 2962 sunt
551 2900 728 2963 multitudo
744 2901 918 2980 indefinito,
936 2907 967 2960 et
984 2898 1074 2961 nullo
1092 2908 1266 2979 propterca

171 3006 315 3061 'numero
328 2997 549 3076 repraesentari
565 3008 712 3078 possunt.
731 2999 811 3061 Cum
827 3001 915 3060 enim
940 2997 972 3060 in
990 2998 1100 3060 divina
1124 2997 1265 3060 essentia

175 3098 357 3160 virtualiter
373 3099 603 3160 contineantur
618 3097 691 3176 (85),
706 3098 843 3177 spectari
861 3097 981 3159 debent
996 3105 1150 3177 tanquam
1163 3097 1265 3159 series

176 3196 338 3275 quaedam,
354 3214 426 3275 quae
442 3195 552 3280 prodi-t
574 3212 683 3257 coram
715 3195 883 3257 intellectu
910 3214 948 3256 ex
976 3194 1087 3270 ideali,
1105 3206 1139 3256 ut
1157 3196 1198 3256 ita
1214 3195 1266 3256 di·

173 3312 259 3368 cam,
298 3293 485 3355 evolutione
508 3294 644 3355 unitatis
677 3293 933 3375 simplicissimae
954 3301 986 3355 et
1008 3292 1169 3356 infinita:
1197 3296 1265 3355 hacc

172 3401 283 3452 autem
307 3392 449 3453 evolutio
482 3391 659 3452 terminum
682 3408 738 3452 seu
763 3389 902 3452 limitem
925 3390 1046 3453 habere
1068 3408 1135 3453 non
1160 3399 1266 3470 potest

175 3486 260 3567 (548,
277 3487 320 3561 2⁰,
338 3486 410 3561 551,
425 3490 480 3564 7⁰).

217 3588 248 3650 2⁰
260 3588 292 3650 Si
312 3587 380 3647 haec
395 3586 551 3660 evolutio,
568 3605 606 3648 cx
625 3604 658 3649 se
684 3595 716 3649 et
742 3586 902 3666 objective
918 3585 1099 3661 indefinita,
1121 3587 1212 3651 fieret
1228 3590 1264 3651 in

171 3685 344 3748 intellectu
366 3685 470 3758 linito,
489 3686 543 3747 hic
560 3685 730 3765 possibilia
743 3686 871 3766 singula
889 3702 945 3765 par
961 3684 1125 3746 infinitam
1151 3704 1263 3766 perce·

172 3784 326 3865 ptionum
350 3785 468 3845 seriem
490 3794 717 3879 cognoscerem
735 3784 854 3863 quibus
871 3796 977 3846 tamen
995 3784 1263 3864 perceptionibus

176 3893 344 3963 utcunque
367 3883 604 3963 multiplicatis,
635 3900 804 3962 nunquam
838 3883 877 3944 ad
911 3883 1130 3963 cognoscendi
1164 3883 1263 3948 tinem

172 3982 371 4060 perveniret.
382 3983 485 4055 Quare
497 3999 664 4061 nunquam
680 3980 851 4061 possibilia
863 3981 985 4056 omnia,
996 3989 1151 4060 tanquam
1164 3966 1262 4045 unam

175 4079 405 4148 collectionem
420 4079 516 4142 simul
531 4090 753 4160 cognosceret.
767 4079 994 4143 Nihilominus
1008 4081 1043 4142 in
1058 4088 1122 4145 tota
1141 4083 1261 4144 etuni-
