2792 4600
481 341 723 399 sinnaritanus
747 342 839 386 corun
862 343 896 389 ιι.
1169 326 1229 388 ttt

179 456 274 536 Quod
288 456 375 519 enirn
393 456 495 519 altero
510 456 621 518 minus
637 466 731 529 esset,
746 474 812 520 non
830 458 964 520 baberet
980 458 1091 521 omnia
1108 460 1231 539 quaein

134 556 302 637 ejusmodi
319 574 437 636 genere
453 556 563 617 baberi
583 565 777 637 possuntne
792 568 964 637 propterea
980 558 1148 622 infinitum
1162 575 1231 620 non

135 654 236 716 soret.

179 752 360 815 Pnorcstrro
384 753 433 815 iV.
460 753 598 815 Finitom
613 771 666 833 par
680 753 766 833 finiti
783 753 969 815 additionem
984 770 1049 813 oon
1063 761 1160 832 potest
1175 754 1230 814 io·

134 852 267 929 finitum
282 851 415 912 enodat.

178 948 282 1010 Senos
296 948 398 1010 finitis
414 948 660 1028 acceptionibus
677 948 842 1011 infinitum
860 950 1025 1010 exhauriri
1046 961 1165 1025 posset.

179 1048 361 1110 Pnorosrno
384 1047 419 1107 V.
443 1046 606 1126 Repopoot
621 1048 747 1127 finitam
762 1048 938 1108 monimum
960 1059 986 1109 et
998 1048 1163 1127 finitorum
1178 1049 1236 1109 ab·

135 1146 234 1206 soluta
248 1146 406 1226 optimum.

179 1245 215 1306 Si
233 1244 321 1305 eninr
340 1245 402 1306 boc
418 1260 540 1322 ponere
556 1244 646 1319 velis,
658 1261 802 1324 quaeram
815 1254 924 1305 utrum
942 1245 1044 1323 possit
1060 1244 1144 1305 iliud
1163 1262 1235 1305 cre·

137 1359 242 1412 scere,
261 1358 321 1401 nec
338 1359 389 1403 ne.
407 1340 439 1403 Si
457 1358 523 1401 non
553 1353 667 1420 potest,
683 1342 749 1420 J'arn
771 1351 818 1403 est
842 1340 1025 1416 infinitum;
1042 1342 1119 1421 quia
1136 1341 1237 1404 babet

124 1439 251 1503 omnia
266 1458 339 1518 quae
357 1438 476 1499 babere
492 1450 606 1518 potest.
625 1440 659 1501 Si
677 1457 823 1501 crescere
846 1449 963 1519 potest,
979 1441 1044 1518 jam
1063 1441 1236 1503 additione

138 1540 235 1611 facta,
247 1538 414 1599 infinitum
427 1539 586 1599 eraderet:
597 1555 663 1599 non
678 1539 767 1599 anim
782 1546 886 1616 potest
898 1538 1025 1623 finitum
1039 1539 1234 1612 maximum,

139 1637 346 1698 incremento
362 1645 503 1715 accepto,
525 1653 657 1697 manere
673 1635 814 1697 finitum.
834 1636 977 1698 Proinde
993 1655 1030 1697 ex
1046 1638 1177 1698 duobus
1193 1636 1234 1697 fi·

139 1737 221 1797 nitis
239 1736 404 1797 infinitum
421 1749 620 1814 exsurgeret.

180 1833 361 1896 Pnorosrrro
385 1833 434 1893 Vi.
461 1832 637 1914 Dt'ffertotio
660 1834 744 1912 finiti
758 1835 795 1893 ob
815 1834 940 1913 infinito
965 1851 1030 1893 oon
1051 1842 1149 1910 potest
1172 1851 1235 1895 esse

139 1933 261 2013 aliquid
276 1933 411 2012 finitum.
808 1929 811 1933 “

179 2032 281 2093 Secus
299 2031 367 2090 baec
383 2027 679 2102 differentiafinita‚
690 2028 801 2089 addita
811 2030 930 2090 iterum
943 2029 1115 2108 quantitati
1130 2029 1234 2092 finitae

141 2126 327 2200 subtractae,
346 2126 510 2187 infinitum
527 2124 698 2205 praeberet.

180 2224 359 2285 Pncrcstnc
380 2222 445 2284 vtl.
470 2223 569 2284 Notio
582 2230 624 2283 ert
637 2225 721 2284 ratic
734 2223 855 2302 infiniti
865 2226 905 2284 od
918 2224 1055 2303 finitum.
1136 2287 1142 2299 ,

98 2350 105 2367 ¹
179 2324 255 2385 Haec
281 2324 371 2383 enim
387 2323 471 2382 ratio
485 2323 535 2383 vet
562 2323 726 2401 quantitas
753 2321 844 2382 finita
861 2320 944 2385 foret
970 2325 1018 2385 vet
1036 2324 1176 2388 infinita.
1193 2326 1230 2388 Si

141 2420 243 2497 finita,
255 2421 322 2502 jaro
338 2423 410 2482 duae
427 2423 623 2500 quantitates
640 2419 740 2481 finita
756 2419 923 2481 infinitum
939 2434 1116 2501 aequarent.
1130 2423 1164 2484 Si
1178 2426 1231 2485 in·

141 2519 241 2593 finita,
257 2519 323 2599 jam
341 2519 467 2585 infinita
485 2524 576 2599 ptura
593 2519 758 2579 infinitum
776 2535 878 2579 unum
893 2531 1070 2599 aequarent.
1123 2578 1128 2584 ,

181 2618 313 2681 Ριιοιοε.
328 2616 409 2677 vltt.
426 2615 1139 2696 indefinitomnttoqttompottotoetoinfinitum
1146 2620 1228 2699 fiori.

180 2714 262 2776 Nam
275 2713 483 2775 indefinitum
499 2724 547 2774 est
563 2729 693 2792 semper
708 2721 781 2773 actu
798 2712 941 2775 finitum.
960 2714 1067 2776 Fieret
1081 2733 1159 2796 ergo
1175 2720 1231 2778 in·

143 2813 271 2874 finitum
288 2812 444 2892 perfiniti
463 2811 657 2872 incrementi
674 2811 889 2874 additionem.

181 2911 361 2975 Pnorosnto
384 2911 438 2974 tx.
462 2909 626 2988 Infinitum
651 2921 723 2972 octo
737 2929 803 2972 oon
815 2921 911 2990 potest
936 2913 1001 2974 otto
1015 2930 1053 2975 aa
1066 2924 1153 2992 porte
1166 2925 1228 2976 ter·

143 3014 269 3074 minori.
846 3019 849 3031 ⁴

162 3154 164 3159 >
181 3112 217 3173 V.
234 3129 282 3190 gr.
301 3127 366 3172 non
393 3120 498 3190 potest
514 3110 584 3171 fieri
601 3118 635 3171 ut
650 3110 693 3170 sit
710 3110 795 3170 tinea
811 3120 884 3172 actu
912 3110 1052 3183 infinita,
1070 3130 1144 3190 quae
1159 3113 1227 3173 ini·

144 3208 225 3269 tium
243 3208 371 3285 babeat,
390 3210 465 3270 iicet
481 3208 545 3270 fine
560 3209 745 3271 careattSit
767 3209 854 3270 enim
874 3209 977 3283 ¹tineae
993 3210 1124 3271 initium
1142 3230 1227 3289 pun·

145 3317 229 3367 ctum
245 3307 284 3369 X.
305 3310 467 3368 Dantnrne
483 3307 518 3367 in
535 3303 647 3367 eadem
665 3307 751 3367 tinea
765 3316 896 3385 puncta,
909 3326 982 3387 quae
994 3309 1035 3368 ab
1050 3309 1161 3371 Xactu
1176 3312 1229 3371 in·

145 3403 233 3466 tinite
248 3405 381 3480 distent,
400 3422 440 3465 an
464 3405 549 3466 noni
565 3405 598 3468 Si
617 3423 682 3467 non
700 3405 819 3466 dantur
833 3408 900 3467 brac
928 3418 1057 3485 puncta,
1078 3409 1163 3470 tinea
1178 3421 1231 3471 est

147 3503 244 3567 finita.
262 3505 294 3568 Si
308 3506 436 3577 dantur,
456 3504 585 3566 adverte
598 3505 748 3584 quaedam
765 3515 884 3584 puncta
895 3506 936 3566 ab
947 3507 975 3569 X
987 3505 1078 3567 finite
1090 3508 1225 3572 distare.

147 3600 222 3663 Cum
239 3619 316 3680 ergo
331 3602 479 3680 quedam
496 3599 600 3674 finite,
617 3601 768 3681 quaedam
781 3603 908 3663 infinite
924 3603 1056 3677 distent,
1080 3605 1228 3682 protecto

150 3701 282 3763 nabetur
298 3702 329 3762 in
340 3704 426 3762 tinea
438 3711 595 3780 punctum
610 3701 759 3779 aliquod,
770 3702 802 3762 in
815 3718 881 3780 quo
891 3702 1088 3763 fittransitus
1101 3690 1229 3767 annito

149 3801 185 3861 ad
200 3800 385 3876 infinitum;
403 3803 556 3879 incoque
573 3810 694 3879 puncto
711 3802 772 3861 erit
785 3799 939 3861 distantia
955 3800 1045 3860 finita
1071 3806 1226 3877 inanima,

150 3915 216 3977 quae
229 3900 275 3960 vei
289 3899 426 3961 modica
442 3898 616 3977 cujuslibet
630 3899 831 3961 extensionis
846 3898 1017 3959 additione
1030 3901 1136 3961 evadit
1149 3902 1226 3962 ion·

152 3997 222 4056 nita.
241 3997 314 4060 Haec
330 4006 438 4057 autem
454 3996 595 4057 absurda
609 4005 697 4058 sunt.
714 3994 812 4076 Ergo.

289 4093 498 4147 oportuniores,
519 4094 578 4135 erc.
600 4094 630 4134 ιι.
674 4157 686 4180 ⁴
1063 4094 1077 4132 a
