2792 4600
206 317 277 382 tta
668 332 841 379 onnonocn.

213 449 390 513 creationis
406 449 505 512 linem
520 457 599 525 erat,
613 458 644 511 et
656 448 793 530 spiritus
806 456 837 511 ει
848 464 987 528 corpora
999 446 1160 511 activitate
1172 448 1303 525 donari,

213 566 314 630 quam
326 567 432 613 secus.
450 551 517 613 Hoc
529 548 619 612 euim
637 557 729 626 pacto
744 556 775 612 et
791 547 950 628 sapientia
963 552 994 608 et
1006 546 1136 609 bonitas
1148 557 1179 609 et
1192 556 1307 628 poten·

215 647 260 709 tia
274 649 431 711 creatoris
443 649 546 711 multo
560 647 761 711 luculentius
773 646 968 710 ostenditur.
980 646 1028 708 An
1043 663 1108 708 non
1123 646 1306 726 sapientius

212 745 391 810 consilium
407 765 474 828 quo
490 749 643 829 physicus
658 747 742 810 ordo
768 746 854 808 inter
883 752 931 807 tot
956 745 1137 807 contrarias
1153 746 1249 821 vires,
1265 762 1307 808 ac

215 843 351 907 moralis
376 846 458 909 ordo
485 864 559 908 cum
588 845 731 909 humana
753 843 902 906 libertate
918 845 1082 905 servatur?
1101 845 1198 907 Multo
1215 854 1306 907 certe

212 942 336 1006 melior
348 942 464 1006 artilex
480 943 547 1019 ille,
566 945 622 1025 qui
645 944 724 1006 artis
744 961 811 1005 suae
840 941 1017 1023 disciplina
1045 942 1165 1005 multos
1181 942 1304 1019 erudit,

214 1060 315 1123 quam
330 1042 386 1122 qni
403 1032 647 1106 artem'suamet
661 1043 806 1105 abditam
819 1051 929 1104 mente
942 1053 973 1103 et
990 1041 1149 1103 inclusam
1164 1040 1240 1104 sinu
1255 1051 1306 1104 te·

215 1153 290 1207 neat
307 1158 314 1205 :
332 1158 369 1204 ac
383 1142 487 1206 multo
504 1142 691 1204 mirandum
709 1142 812 1222 magis
827 1140 910 1202 effici
928 1139 1097 1221 abaliquo
1116 1139 1307 1201 machinam

213 1257 289 1320 qnae
305 1248 389 1301 texat
404 1248 459 1301 aut
473 1251 621 1313 consuat,
638 1258 736 1321 quam
767 1239 795 1301 si
821 1238 890 1301 suis
915 1238 986 1318 ipse
1015 1237 1167 1299 manibus
1189 1237 1307 1301 eadem

213 1353 315 1417 opera
330 1347 535 1418 exsequatur.
553 1338 637 1412 Quid
654 1338 772 1402 verosi
797 1338 983 1399 machinam
1001 1336 1055 1398 hic
1070 1337 1230 1416 ejusmodi
1248 1355 1307 1399 ex-

215 1435 532 1515 strueret‚quaealias
540 1435 781 1499 machinassibi
792 1435 917 1497 similes
926 1443 1083 1515 perpetuo
1093 1434 1307 1515 produceret?

214 1533 314 1612 Atqui
332 1534 394 1597 hoc
407 1534 491 1596 Deus
506 1535 540 1596 in
558 1535 676 1614 plantis
692 1544 724 1597 ει
738 1533 937 1597 animalibus
952 1531 1062 1594 efficit.

257 1630 330 1695 289.
347 1631 394 1693 Ad
411 1634 451 1695 qm
467 1633 545 1696 illst.
561 1632 728 1714 Tanquam
745 1650 857 1695 causas
878 1632 1023 1712 eJusdem
1038 1629 1178 1707 ordinis,
1194 1649 1281 1695 conc.
1291 1655 1305 1707 ‚-

214 1740 371 1809 tanquam
387 1748 500 1793 causas
514 1731 633 1795 diversi
649 1730 791 1805 ordinis,
808 1749 896 1812 nequ.
914 1729 1084 1810 Repugnat
1095 1747 1184 1806 sane,
1195 1731 1307 1793 ileum

215 1845 298 1891 resa
312 1845 348 1890 se
362 1840 485 1892 creatas
495 1829 654 1896 adhihere
666 1830 707 1891 ad
721 1848 815 1910 opus,
831 1838 985 1910 tanquam
1001 1845 1113 1890 causas
1129 1828 1308 1891 auxiliares

213 1937 272 1989 aut
287 1924 563 2002 instrumentales,
581 1929 674 2009 quasi
691 1946 767 1991 vero
783 1927 877 1989 aliter
892 1927 985 2007 operi
1002 1925 1203 2008 perficiendo
1220 1935 1309 1991 essct

102 2016 105 2021 ’
217 2025 335 2104 impar,
353 2033 408 2088 aut
423 2025 547 2088 viribus
563 2027 727 2088 deiiceret.
744 2020 879 2087 illinime
894 2043 971 2087 vero
987 2035 1157 2105 repugnat,
1172 2043 1307 2087 causam

216 2123 357 2204 primam
373 2124 551 2186 contulisse
566 2125 664 2187 rebus
685 2143 702 2185 a
718 2144 752 2186 se
767 2122 911 2187 conditis
940 2132 976 2186 ut
1002 2123 1155 2205 proprios
1171 2124 1309 2196 effectus

215 2229 326 2300 agant3
344 2221 413 2283 imo
429 2221 493 2283 hoc
507 2223 648 2285 maxime
664 2223 754 2285 illam
771 2223 874 2299 decet,
892 2236 927 2285 ut
940 2222 1039 2286 modo
1055 2223 1212 2286 diximus.

257 2319 304 2382 Ad
320 2321 361 2384 5²²
375 2321 492 2385 lliirum
520 2341 619 2403 quam
648 2324 713 2386 sint
744 2325 811 2387 haee
834 2324 1018 2400 abnormis,
1035 2334 1066 2388 et
1087 2325 1308 2388 tumultuario

213 2417 327 2481 effusa.
342 2420 398 2481 Vis
413 2420 529 2501 agendi
546 2439 645 2502 quam
668 2422 822 2485 secundis
847 2426 953 2486 causis
970 2423 1122 2499 homines
1138 2422 1306 2498 tribuunt,
1375 2487 1376 2490 ,

215 2534 283 2580 non
298 2526 346 2580 est
358 2518 404 2579 vis
417 2519 641 2599 independens
657 2530 688 2583 ει
704 2519 844 2596 infinita,
859 2539 919 2583 nee
931 2521 1031 2590 timor
1042 2522 1151 2585 omnis
1163 2531 1195 2583 et
1209 2539 1308 2584 antor

216 2615 365 2678 adoratio
380 2626 440 2680 est.
726 2689 729 2696 s

257 2714 329 2780 290.
355 2716 415 2781 db.
434 2716 472 2779 ll.
489 2716 643 2798 Spiritus,
662 2728 830 2799 nequeunt
858 2718 972 2781 saltem
993 2738 1124 2783 movero
1150 2737 1307 2801 corpora.

215 2811 370 2879 Etenim:

255 2911 288 2972 l⁰
309 2912 456 2975 Facultas
473 2913 540 2975 lraeo
556 2914 590 2975 in
606 2915 742 2996 spiritus
758 2911 893 2979 notione
910 2934 976 2978 non
994 2918 1171 2981 iuvenitur.
1272 2977 1274 2982 .

254 3009 288 3072 2⁰
309 3011 431 3074 Motum
448 3012 631 3093 producere
645 3015 1000 3095 possent-solummodo
1014 3034 1070 3096 per
1085 3018 1307 3080 voluntatem.

211 3109 309 3189 Atqui
328 3109 475 3172 voluntas
491 3128 557 3173 non
575 3121 680 3192 potest
695 3123 822 3175 motum
839 3113 1034 3194 producere.

253 3210 286 3272 δ’)
308 3208 363 3270 Vis
378 3211 529 3272 movendi
547 3229 685 3294 corpora
701 3222 748 3275 est
764 3212 904 3275 infinita.
921 3212 1002 3276 Nam
1029 3233 1159 3278 movere
1182 3233 1308 3297 corpus

211 3304 349 3385 perinde
364 3316 412 3382 cst
427 3324 463 3368 ac
479 3307 561 3371 illud
578 3327 770 3372 conservare
797 3311 831 3372 in
858 3311 994 3374 diversis
1010 3315 1191 3375 successive
1206 3313 1308 3378 locis.

208 3402 421 3467 Conservatio
436 3416 544 3470 autem
563 3408 752 3488 hujusmodi
769 3420 816 3473 est
831 3410 880 3474 vis
896 3410 1036 3474 iuiinita.

253 3499 350 3581 Resp.
368 3501 444 3582 Nep.
461 3512 528 3567 unt.

251 3598 301 3663 Ad
319 3599 358 3660 lnl
376 3599 456 3664 llist.
479 3600 515 3663 ln
544 3613 705 3684 conceptu
735 3604 954 3687 inadaequato,
985 3624 1090 3683 conc.;
1118 3606 1306 3688 adaquato,

208 3715 298 3779 aequ.
315 3697 360 3760 Ac
376 3708 532 3778 praeterea
547 3702 637 3763 nulla
652 3712 702 3764 est
722 3705 969 3785 consequentia,
987 3705 1050 3766 nisi
1075 3705 1191 3768 falsum
1219 3706 1309 3769 illud

209 3794 414 3875 principium
430 3812 636 3878 supponatur
653 3818 661 3864 :
676 3801 824 3863 idacium
838 3803 918 3883 quod
942 3803 1024 3865 olore
1038 3813 1065 3865 et
1079 3804 1218 3867 distincte
1229 3824 1309 3885 pcr-

208 3892 293 3973 cipio
308 3910 414 3954 oerum
428 3901 470 3955 cst
484 3893 531 3972 (L.
549 3898 632 3976 753).
1368 3907 1369 3910 ’

252 3991 302 4054 Ad
315 3989 356 4052 2¹¹¹
368 3989 445 4073 Nep.
462 3993 538 4076 maj.
554 3994 647 4074 Nam,
665 3995 779 4079 ut'jam
792 3999 976 4061 notavimus
991 3998 1155 4078 (addidi,
1166 4000 1309 4080 7⁰),non
1367 4095 1368 4098 Ἴ
