2792 4600
192 352 254 415 208
625 372 818 418 cosnocccu.

193 482 268 557 hoc,
284 483 373 564 quod
390 494 485 548 certae
499 486 620 567 speciei
644 480 858 568 particulam
876 487 1017 569 illoprae
1032 489 1159 552 caeteris
1176 489 1282 553 abun·

192 580 283 656 dent,
296 582 468 663 primaque
484 584 518 645 in
531 585 637 648 fronte
654 585 766 648 locatae
780 587 858 648 sint.

232 679 450 760 Empedocles
465 682 504 744 ad
521 692 662 763 quatuor
675 692 801 746 tantum
813 683 939 765 species
955 694 1082 747 atomos
1098 686 1281 767 primitivas

192 779 333 856 reduxit,
357 790 489 858 terram,
513 801 643 863 aquam,
661 801 780 859 aorem,
805 784 926 864 ignem,
951 785 1128 866 omniaque
1143 803 1282 867 corpora

192 879 472 958 quemadmodum
487 881 521 943 in
538 883 607 945 baec
633 884 750 945 resolvi
777 884 911 964 putavit,
941 883 1037 946 itaer
1068 883 1120 947 bis
1143 884 1279 948 conllari

192 981 316 1044 statuit.

215 1110 220 1120 ·
234 1082 430 1163 Leucippus,
444 1081 649 1164 Democritus
661 1089 692 1143 et
709 1077 868 1160 Epicur'us
885 1082 1048 1145 infinitam
1063 1083 1183 1162 pariter
1197 1083 1281 1145 mul·

191 1180 367 1242 titudinem
379 1179 625 1241 elementarium
638 1180 910 1267 corpusculorum
922 1180 1195 1254 essedocuerunt,
1209 1200 1284 1261 quae

193 1280 326 1360 quidem
359 1277 498 1340 essentia
529 1277 651 1338 similia
684 1290 804 1352 essent,
833 1278 1017 1360 solumque¹
1044 1279 1282 1360 magnitudine,

193 1378 307 1459 ligura,
324 1376 453 1450 ordine,
470 1375 627 1455 positura,
646 1362 803 1456 motuque
815 1376 1008 1441 differrent:
1026 1396 1133 1458 neque
1148 1379 1284 1441 aliunde

193 1492 370 1555 corporum
394 1474 474 1537 oriri
497 1473 730 1551 diversitatem,
745 1473 843 1554 quam
858 1494 897 1538 ex
909 1495 948 1540 eo
974 1478 1061 1559 quod
1078 1495 1282 1557 componen-

193 1575 276 1639 tium
299 1584 483 1637 atomorum
504 1572 626 1652 figurae,
650 1574 842 1653 positiones,
863 1584 961 1655 atque
983 1576 1081 1637 etiam
1113 1576 1283 1639 intervalla
1313 1589 1318 1596 '

192 1675 277 1737 varia
305 1682 401 1735 sunt:
433 1672 478 1732 ita
508 1672 597 1732 enim
626 1672 872 1752 conjunguntur
898 1673 1012 1748 atomi,
1044 1674 1178 1736 utinter
1195 1675 1298 1753 ipsas.

194 1792 331 1860 vacuum
354 1772 489 1853 aliquod
505 1771 705 1850 interjaceat.

234 1876 307 1939 Nou
338 1870 511 1934 defuerunt
526 1869 592 1932 sive
619 1869 838 1932 interveteres
864 1870 1047 1933 Aristotelis
1073 1863 1280 1952 interpretes,

193 1976 261 2038 sive
287 1974 372 2035 inter
397 1969 596 2032 recentiores
622 1969 680 2050 qui
707 1972 817 2049 ipsum
838 1970 1046 2033 Aristotelem
1067 1971 1152 2033 inter
1167 1971 1283 2033 atomi·

192 2084 256 2138 stas
268 2068 550 2134 adnumerandum
563 2085 633 2130 esse
644 2079 832 2146 censerent;
847 2087 989 2148 quorum
1001 2070 1192 2132 sententiam
1201 2084 1282 2151 pro·

193 2172 278 2235 lecto
291 2186 355 2232 non
371 2179 459 2229 vacat
474 2166 668 2247 expendere,

235 2268 287 2332 26.
311 2265 542 2330 Atomistarum
560 2272 705 2326 velerum
732 2263 911 2341 doctrinas,
931 2284 1011 2346 quas
1027 2265 1213 2328 scholastici
1230 2284 1282 2345 sy·

194 2364 1283 2446 stematisdominatusincontemptumatqucobliviouemadduae-

193 2477 253 2542 rat,
270 2486 288 2528 a
304 2464 510 2544 theologicis,
541 2462 662 2544 quibus
678 2463 852 2538 scatebant,
884 2464 1053 2527 erroribus
1068 2474 1219 2544 purgatas
1235 2482 1286 2524 re-

193 2569 370 2630 stituerunt
391 2583 464 2627 saec.
487 2562 570 2626 XVll
583 2561 726 2625 Renatus
742 2561 904 2626 Cartesius
917 2572 948 2624 et
960 2563 1074 2626 Petrus
1086 2563 1283 2626 Gassendus.

234 2665 397 2728 Cartesius
422 2663 457 2723 in
488 2678 570 2743 pura
597 2662 788 2724 extensione
819 2662 1059 2736 mathematica,
1094 2662 1128 2722 iu
1158 2661 1283 2742 triplici

193 2781 311 2843 nernpe
340 2748 557 2834 dimensione,
581 2758 754 2821 essentiam
778 2760 925 2838 corporis
948 2759 1129 2834 collocavit,
1152 2776 1189 2820 ac
1207 2777 1286 2838 pro·

194 2871 304 2943 pterea
324 2876 460 2921 vacuum
479 2875 576 2921 ornne
600 2857 808 2938 impossibile
830 2876 900 2919 esse
920 2856 1075 2921 decrevit.
1100 2856 1283 2938 Corporum

193 2959 363 3022 materiam
394 2958 534 3037 primam
556 2974 623 3019 uon
645 2967 772 3019 atomos
795 2974 865 3018 esse
887 2957 1025 3030 censuit,
1056 2956 1113 3018 sed
1144 2973 1284 3019 massam

192 3052 441 3139 hornogeneam,
471 3057 675 3128 continuam,
708 3055 916 3118 indefinitam
947 3067 978 3117 et
1008 3056 1042 3117 in
1073 3055 1282 3117 indefinitum

131 3147 132 3150 ¹
193 3157 407 3220 divisibilem.
432 3157 521 3218 llanc
536 3155 621 3217 lleus
639 3154 737 3216 initio
758 3155 888 3228 creavit,
922 3154 1138 3234 eamdemque
1163 3155 1286 3217 deinde

183 3255 304 3318 vdivisit
317 3255 350 3315 in
364 3253 539 3333 particulas
551 3251 822 3322 innumerabiles,
840 3251 908 3313 lere
920 3270 1034 3313 omnes
1051 3252 1193 3326 cubicas,
1209 3270 1284 3333 quae

193 3351 351 3417 rotatorio
369 3359 460 3412 motu
482 3362 626 3430 accepto,
649 3349 764 3428 agitari
788 3358 968 3429 coeperunt,
995 3348 1200 3431 invicemque
1218 3354 1287 3413 col·

194 3451 267 3527 lidi,
281 3449 476 3528 affrictuque
497 3457 611 3510 mutuo
632 3447 759 3511 conteri
783 3457 879 3527 atque
901 3447 1027 3510 abradi.
1052 3447 1098 3509 Ex
1114 3467 1177 3528 qua
1192 3452 1286 3511 attri-

195 3551 297 3623 tione,
322 3546 600 3627 quemadmodum
624 3554 810 3609 externato
833 3546 936 3627 ligno,
959 3547 1023 3608 tria
1045 3547 1285 3609 elementorum

196 3664 314 3730 genera
336 3644 448 3706 effecta
470 3653 558 3706 sunt.
575 3643 725 3706 Primum
747 3644 944 3707 elementum
963 3653 1039 3706 sunt
1055 3645 1285 3709 aninutissimae

199 3745 378 3832 particulae,
393 3743 485 3823 quasi
501 3743 596 3805 scobs
612 3743 755 3817 subtilis,
773 3742 895 3824 quibus
906 3761 1004 3806 omne
1016 3761 1153 3805 vacuum
1169 3745 1285 3824 epple·

196 3859 261 3908 tur.
276 3839 609 3929 Secundumglobuli,
621 3841 655 3900 in
671 3857 754 3920 quos
771 3841 846 3902 cubi
866 3841 1036 3920 primitivi,
1050 3841 1287 3921 abrasisaugu·

197 3946 250 4017 lis,
267 3940 487 4005 transformati
510 3950 597 4001 suut.
620 3938 766 4001 Tertium
789 3941 957 4019 particula
979 3939 1050 4001 aliae
1074 3942 1285 4019 irregulares,

197 4042 357 4123 implexae,
382 4036 586 4118 diversisque
609 4037 722 4118 figuris
739 4039 898 4124 preduce,
923 4048 955 4100 et
976 4038 1159 4102 admotum
1173 4040 1287 4103 miuus
