2792 4600
173 338 237 400 tta
619 356 809 404 cosuomcts.
893 358 896 364 “

173 487 285 531 sarum
301 470 465 543 virtutem,
483 480 514 533 et
530 472 854 551 instrumentalium;
871 490 908 535 ac
924 482 1078 554 preterea
1091 482 1171 537 nutu
1192 474 1267 535 solo

174 567 352 655 voluntatis
368 580 533 649 operatur.

217 665 379 741 Secundo,
398 669 475 749 quia
488 668 686 731 naturalium
701 667 941 748 principiorum
953 668 1129 731 efficaciam
1143 686 1265 749 augere
1343 657 1344 744 ff

171 764 1261 849 acmotlifiearepotest,itautagantcelerius,intensius,copiosius
1343 781 1344 788 ’

173 882 274 945 quam
289 865 453 928 naturales
468 884 583 928 eorum
600 866 683 928 vires
701 866 816 940 lerant,
833 875 888 928 aut
903 866 1029 949 aliquid
1042 866 1134 928 aliud
1152 874 1263 946 agant,

173 970 231 1024 aut
247 964 345 1025 modo
358 963 498 1028 diverso.
515 967 588 1029 Haec
603 965 693 1026 enim
710 964 838 1034 etiama
856 966 974 1027 creatis
989 964 1161 1046 agentibus
1180 965 1268 1026 iutra

171 1074 281 1123 certos
297 1062 419 1125 limites
434 1064 583 1143 quotidie
606 1063 675 1125 fieri
694 1063 855 1127 videmus.
875 1064 996 1137 Quidni
1010 1081 1088 1145 ergo
1105 1064 1175 1126 brec
1191 1064 1263 1144 ipsa
1343 1077 1344 1120 t

174 1163 291 1243 possit,
309 1163 377 1226 imo
393 1164 497 1225 multo
513 1163 636 1242 majora
651 1163 700 1224 vis
723 1161 877 1225 infinita?
1343 1217 1344 1244 ,

215 1261 337 1338 Tertio,
351 1262 429 1342 quia
442 1262 529 1343 quod
543 1279 647 1324 eausae
659 1262 811 1324 secundae
824 1282 861 1324 ex
876 1261 1101 1342 praeexistente
1117 1261 1267 1341 subjecto

172 1358 329 1436 efficiunt,
345 1362 414 1442 ipse
426 1381 464 1424 ex
477 1362 583 1426 nihilo
594 1371 697 1443 potest
711 1361 850 1423 educere
863 1363 895 1423 iu
909 1361 1068 1442 temporis
1081 1368 1264 1423 momento.

608 1512 774 1560 sustentus
796 1514 842 1560 vt.

608 1631 823 1713 Difficultutes.

215 1761 288 1825 tot.
313 1762 390 1835 Quae
415 1762 567 1844 Spinosa,
584 1763 740 1840 Voltaire,
759 1760 883 1843 aliique
899 1758 1135 1821 miraculorum
1152 1775 1268 1821 osores

174 1867 289 1923 contra
312 1855 516 1923 eorumdem
533 1857 786 1943 possibilitatem
813 1858 986 1940 objiciunt,
1012 1857 1051 1918 ad
1073 1874 1175 1938 pauca
1196 1856 1269 1918 baec
1343 1869 1344 1878 ¹

175 1976 307 2037 semper
322 1958 472 2033 redeunt,
490 1978 563 2039 quae
578 1958 786 2038 subjicimus.

217 2054 278 2118 Ob.
303 2055 328 2119 l.
353 2073 449 2118 sensu
477 2056 708 2137 pantheistico.
740 2056 772 2121 1⁰
790 2053 889 2136 Leges
916 2062 1041 2116 naturae
1069 2050 1267 2114 universalis

176 2169 265 2213 mera
278 2164 355 2215 sunt
371 2153 428 2215 [lei
445 2154 585 2228 decreta,
603 2172 675 2235 quae
692 2172 730 2215 ex
746 2152 938 2215 necessitate
953 2160 985 2214 et
1002 2148 1201 2231 perfectione
1219 2150 1268 2211 dl-

174 2251 260 2314 viuae
276 2262 400 2317 naturae
415 2262 611 2335 sequuntur.
636 2253 722 2334 Ergo
738 2251 824 2315 nihil
841 2251 1030 2333 contingere
1047 2258 1163 2333 potest,
1181 2250 1271 2331 quod
1343 2306 1344 2309 ,

177 2350 221 2412 iis
236 2361 408 2432 repugnet.

218 2449 251 2510 2⁰
273 2451 304 2514 st
323 2451 409 2513 [leus
424 2450 551 2532 aliquid
567 2461 680 2514 contra
696 2449 783 2532 leges
800 2459 923 2514 naturae
940 2446 1140 2530 ageret,jam
1155 2459 1273 2510 contra

176 2564 269 2609 suam
286 2557 434 2611 naturam
448 2558 569 2630 ageret.

219 2647 253 2708 5⁰
274 2649 382 2711 Virtus
396 2658 428 2711 et
440 2652 585 2732 potentia
601 2661 725 2713 naturae
737 2659 785 2713 est
800 2651 808 2712 i
814 2669 869 2733 psa
885 2650 943 2715 [lei
956 2649 1059 2712 virtus
1072 2657 1103 2711 et
1114 2648 1275 2731 potentia.
1343 2682 1344 2689 κ

176 2745 264 2831 Ergo
282 2747 427 2828 potentia
443 2758 567 2811 naturae
583 2763 631 2810 est
658 2749 798 2823 infinita,
817 2751 952 2829 ejusque
980 2736 1065 2828 l'eges
1081 2748 1118 2810 ad
1143 2742 1269 2820 omnia,

176 2867 252 2930 quaa
267 2867 285 2909 a
300 2846 414 2909 divino
431 2846 599 2908 intellectu
616 2847 866 2927 concipiuntur,
885 2866 919 2907 se
937 2845 1129 2908 extendunt.

220 2945 293 3010 458.
317 2946 413 3027 Resp.
430 2945 468 3005 ad
485 2946 522 3005 l·l
536 2945 613 3008 Dist.
629 2945 668 3006 1¹¹¹
675 2926 808 3026 pamm.
821 2953 888 3008 unt.
903 2945 1000 3007 Actus
1017 2944 1137 3006 divinae
1152 2941 1271 3006 volun-

177 3046 265 3120 tatis,
292 3062 359 3125 quo
374 3051 498 3106 naturae
513 3043 601 3123 leges
617 3043 860 3125 praeliniuntur,
878 3054 926 3106 est
941 3061 1068 3106 merum
1085 3042 1142 3105 Dei
1159 3043 1272 3104 decre·

178 3153 263 3218 tum,
279 3160 365 3204 conc.
392 3142 525 3217 ,modus
540 3150 693 3204 constans
710 3151 741 3204 et
766 3140 953 3235 uniformis,
979 3158 1075 3223 quem
1098 3150 1214 3205 natura
1236 3139 1273 3202 in
1343 3162 1344 3167 ¹

98 3262 101 3269 ·
177 3228 307 3323 agendo
329 3253 451 3317 servam
470 3241 502 3304 id
523 3240 621 3326 quod,
633 3241 714 3322 legis
730 3251 853 3304 naturae
870 3243 1003 3304 nomine
1018 3239 1156 3320 intelligi
1175 3239 1269 3313 solet,

175 3359 268 3420 nepo.

222 3437 300 3499 Dist.
314 3434 354 3496 Ψ
370 3444 436 3498 unt.
453 3445 570 3517 partem
585 3455 595 3501 .·
612 3438 698 3517 leges
715 3447 837 3501 naturae
863 3445 1046 3518 sequuntur
1067 3454 1104 3499 ex
1130 3434 1274 3499 necessi-

112 3564 117 3569 ·
176 3543 242 3598 tate
259 3534 377 3596 divinae
394 3542 528 3609 naturae,
544 3553 613 3616 nep.
623 3559 634 3610 ;
651 3555 690 3598 ex
713 3535 783 3616 ejus
799 3536 1011 3618 perfectione,
1028 3534 1147 3610 subdiu
1163 3553 1203 3596 ex
1217 3551 1271 3596 sa·

179 3634 312 3714 pientia,
328 3631 485 3730 hopitate,
499 3641 596 3713 atque
610 3633 841 3715 omnipotenti·
853 3634 911 3696 llei
924 3634 1101 3708 voluntate,
1114 3649 1220 3707 cooc.,·
1235 3650 1274 3694 ex

180 3732 381 3813 perfectione
397 3730 558 3803 essentie,
576 3743 611 3792 ut
627 3731 718 3793 modi
735 3732 869 3813 quidam
887 3731 1004 3813 ipsius,
1021 3751 1110 3812 nepo.

225 3832 302 3893 Dist.
324 3830 456 3893 tandem
472 3848 557 3892 conr.
574 3829 664 3892 Nihil
687 3833 878 3912 contingere
896 3839 1001 3912 potest
1015 3829 1104 3912 quod
1122 3830 1175 3891 bis
1193 3830 1272 3910 legi-

179 3930 243 3991 bus
269 3937 440 4010 repugnet,
468 3928 540 3990 sine
556 3929 612 3992 Dei
641 3929 784 4005 decreto,
801 3949 909 4004 conc.,·
937 3948 996 4012 per
1012 3930 1067 3992 Dei
1084 3928 1268 4004 decretum,

178 4042 269 4109 nepo,
