2792 4600
501 343 588 389 trouu
607 342 732 401 neruus,
755 342 848 391 curor
870 347 899 392 v.
1175 327 1238 403 alt

192 454 229 519 ld
240 456 329 520 euim
342 460 536 539 quicunque
545 458 835 538 catholicisnmus,
844 477 882 524 ex
897 463 1240 534 venembilieltarium

147 562 339 620 manorum
353 559 509 639 mysterio
524 557 874 640 deducamusmcrtet.
884 561 1006 626 Christi
1019 566 1106 630 enim
1119 581 1240 651 corpus

146 671 264 718 verum
275 671 396 736 corpus
406 663 465 728 est,
482 663 514 718 et
525 656 740 736 quantitatem
755 676 827 738 quae
842 661 991 741 corporis
1004 666 1138 746 propria
1150 678 1241 732 estet

146 769 169 815 a
184 768 324 834 corpore
335 752 578 834 inseparabilis,
595 756 804 819 continenter
816 758 934 822 retinet
945 778 954 837 ;
967 761 1191 829 nihilominus
1204 767 1240 830 in

147 865 262 914 sancta
275 850 479 915 Eucharistia
502 862 609 933 partes
632 854 782 935 corporis
798 855 919 919 Christi
936 875 1001 922 nou
1018 864 1241 930 extenduntur

148 949 187 1012 in
200 949 285 1025 loco,
299 950 583 1014 necdiversasloci
593 961 700 1032 partes
711 966 886 1035 occupant,
899 971 974 1019 cum
983 957 1105 1023 Christi
1118 979 1240 1044 corpus

147 1065 217 1113 nou
232 1047 315 1111 sitin
326 1049 951 1117 locosecundumcommensurationem
960 1057 1242 1140 propriequenti·

147 1146 237 1222 tatis,
253 1146 309 1208 sed
326 1146 507 1210 seeundum
536 1147 762 1211 dimensiones
792 1151 977 1231 specierum
993 1154 1089 1234 panis
1104 1174 1141 1219 ac
1156 1158 1239 1237 vini,

148 1254 304 1325 tomsque
322 1244 367 1307 sit
381 1244 443 1308 sub
458 1252 524 1308 tote
543 1245 658 1307 lterum
674 1246 860 1327 specierum
876 1252 1079 1331 extensione,
1099 1272 1136 1317 ac
1151 1264 1241 1321 totus

148 1344 214 1408 sub
225 1343 372 1426 qualibet
386 1343 456 1425 eius
469 1351 570 1424 parte.
587 1342 643 1407 llst
658 1335 760 1425 igitur
773 1356 898 1410 certum
910 1366 948 1412 ex
959 1351 1147 1417 christianae
1162 1353 1240 1419 lidei
1333 1388 1335 1390 >

149 1437 371 1524 dogmatibus,
392 1440 616 1506 extensionem
643 1443 781 1509 localem
804 1446 963 1510 actualem
981 1451 1151 1531 propriam
1165 1472 1240 1518 cor·

150 1557 270 1624 porum
285 1541 507 1604 extensionem
523 1557 591 1604 non
607 1559 689 1605 esse.
791 1596 797 1610 ,

194 1639 264 1704 lla.
287 1638 353 1703 Nec
369 1648 475 1702 tamen
492 1640 556 1703 hoc
571 1639 616 1702 ita
630 1639 696 1703 fide
708 1649 869 1717 tenemus,
887 1650 922 1705 ut
937 1642 1082 1708 scientie
1104 1664 1239 1730 quoque

150 1739 328 1823 principiis
342 1739 471 1802 ostendi
499 1755 567 1802 nou
588 1739 704 1821 possit,
728 1740 826 1802 telem
848 1741 998 1822 corporis
1019 1751 1138 1808 statum
1155 1748 1240 1812 uiuit

153 1837 275 1902 hebere
302 1837 536 1918 repugnantis,
554 1854 593 1900 ec
616 1826 758 1918 proinde
780 1837 892 1899 divina
912 1837 1031 1902 virtute
1046 1844 1241 1964 possibilem

151 1937 296 2001 osselle
312 1935 376 1998 hoc
389 1934 483 1999 alibi.
1222 1973 1224 1978 -

194 2032 265 2099 lta
290 2034 467 2097 Puerosruo
482 2031 537 2096 lll.
555 2030 696 2113 Neque
685 2050 720 2094 tn
745 2033 919 2097 autentim
933 2034 1026 2096 loculi
1039 2053 1134 2117 paon
1154 2040 1240 2120 apti·

149 2130 334 2195 tudiualem
347 2131 467 2207 dicant,
482 2131 611 2212 proprio
637 2131 824 2192 erectionis
838 2147 986 2211 corporee
998 2135 1079 2195 ratio
1101 2136 1164 2197 sito
1184 2145 1239 2201 est.

193 2228 322 2294 Etenim
338 2228 484 2291 extensio
499 2243 676 2308 corporum
693 2226 826 2308 propria
849 2228 986 2309 reperiri
1004 2229 1101 2310 debet
1116 2232 1150 2294 iu
1166 2250 1241 2299 ccr-

152 2346 233 2410 pore
247 2328 429 2392 secuudum
445 2345 479 2389 se
486 2335 517 2389 et
532 2326 681 2389 absolute
689 2336 833 2408 sumpto,
847 2344 913 2390 non
930 2339 1038 2392 autem
1055 2332 1089 2392 in
1102 2347 1241 2412 corpore

150 2428 286 2492 relative
310 2436 466 2510 spectato.
483 2428 569 2507 Ergo
590 2427 737 2490 extensio
752 2444 931 2507 corporum
947 2430 1082 2511 proprie
1108 2448 1175 2495 non
1192 2443 1241 2496 est

151 2529 188 2589 in
214 2526 256 2590 iis
271 2544 330 2607 per
352 2525 502 2589 ordinem
515 2524 555 2586 ad
572 2524 694 2589 locum.
710 2523 864 2587 Extensio
880 2526 970 2588 enim
985 2545 1058 2607 quae
1072 2535 1118 2590 est
1134 2527 1169 2591 in
1185 2546 1241 2592 or·

151 2623 232 2686 diue
253 2624 292 2685 ad
306 2624 428 2698 locum,
447 2623 616 2686 reducitur
640 2623 680 2684 ad
698 2622 873 2685 relationes
887 2624 1015 2704 aliquas
1030 2626 1070 2686 ad
1086 2625 1151 2688 alia
1165 2643 1240 2690 oor·
1298 2654 1300 2657 ·

151 2739 244 2804 pora,
259 2722 356 2804 queis
370 2719 698 2801 corpua'natureliter
714 2720 961 2784 fundamentum
978 2722 1111 2802 prebet.

192 2819 239 2883 Ad
256 2821 342 2884 haec:
360 2820 418 2901 qui
449 2819 565 2883 docent
579 2819 805 2882 extensionem
821 2820 958 2882 localem
974 2821 1142 2902 propriam
1165 2838 1239 2885 oor·

151 2936 272 3000 porum
286 2918 508 2983 extensionem
525 2936 606 2995 esse,
623 2918 831 2983 confundunt
847 2918 989 2999 partium
1002 2918 1238 3000 impenetrabi-

151 3016 275 3082 litatem
297 3036 372 3082 cum
401 3016 551 3098 corporis
573 3016 786 3080 extensione:
811 3033 884 3097 quae
906 3025 1013 3080 tamen
1036 3017 1102 3081 duo
1123 3019 1240 3082 saltem

150 3117 279 3181 ratione
294 3117 559 3198 distinguuntur3
576 3115 654 3196 quia
668 3115 814 3178 extensio
831 3117 975 3196 separari
1001 3126 1110 3180 mente
1132 3128 1240 3199 potest

150 3213 194 3278 ab
208 3214 529 3295 impenetrabilium,
547 3220 584 3276 ut
598 3212 663 3275 flta
677 3213 865 3294 geometris.

193 3309 297 3391 lgitnr
319 3313 464 3376 extensio
479 3312 595 3374 localis
617 3311 845 3392 aptitudinalis
871 3309 1018 3373 dimanat
1039 3312 1175 3393 quidem
1196 3314 1239 3379 ab

148 3410 341 3475 extensione
353 3429 426 3492 que
441 3410 575 3492 propria
596 3419 645 3472 est
658 3426 855 3491 corporum3
870 3410 928 3473 sed
945 3427 1011 3474 non
1027 3420 1076 3475 est
1090 3414 1237 3478 extensio

149 3527 225 3591 que
239 3509 435 3590 corporibus
451 3510 559 3592 primo
574 3527 612 3573 ac
627 3526 685 3592 per
700 3508 912 3573 reconvenit.
1219 3523 1223 3535 ¹

194 3605 266 3671 150.
290 3610 364 3673 Haeo
390 3607 433 3672 de
460 3606 668 3689 corporibus.
692 3607 725 3671 Si
749 3624 824 3671 vero
846 3624 955 3672 sermo
976 3606 1019 3670 sit
1041 3607 1236 3686 doratensis,

151 3709 257 3770 multo
269 3707 372 3788 magis
383 3705 571 3787 negandum
582 3714 630 3768 est
645 3704 867 3767 extensionem
880 3720 992 3767 earum
1008 3704 1177 3786 propriam
1192 3707 1238 3771 si·

151 3815 218 3868 tam
244 3823 315 3868 esse
329 3805 364 3867 in
380 3803 522 3886 partiunt
540 3814 652 3867 mutue
674 3801 869 3865 resistentie.
885 3800 990 3864 Nullae
1004 3802 1093 3866 enim
1106 3814 1181 3866 sunt
1203 3808 1236 3870 ln

150 3913 262 3968 atomo
278 3911 385 3986 partes
399 3904 541 3967 actuales
556 3921 630 3984 que
657 3901 723 3965 sibi
754 3910 869 3964 mutuo
884 3898 1048 3977 resistere,
1064 3909 1161 3982 atque
1174 3903 1239 3968 alia

152 4001 252 4066 aliam
266 4019 285 4064 e
300 4001 373 4066 loco
389 4000 424 4065 in
439 4020 507 4085 quo
520 4009 598 4065 suut
611 4000 773 4084 repellere
788 3997 927 4080 possint.
982 4066 985 4072 Δ
1050 4094 1078 4137 n
