2792 4600
447 465 533 524 trem
555 480 697 540 eeteros,
722 480 813 527 curor
834 483 869 529 u.

564 608 694 676 CAPUT
718 609 758 674 ll.

479 741 822 786 centumcelle.

562 884 726 930 narremus
742 888 765 933 1.

524 996 673 1061 lliraculi
694 1000 790 1062 rtett'e.

155 1127 228 1191 454.
255 1128 297 1189 Ι)ε
323 1129 576 1207 supernaturali,
601 1138 636 1192 ut
659 1131 828 1209 exigentiae
853 1132 991 1194 naturali
1008 1134 1200 1214 opponitur,

113 1225 283 1311 disputant
298 1227 454 1306 theologi.
472 1227 518 1289 Ad
536 1246 596 1289 nes
611 1231 750 1308 pertinet
761 1240 796 1290 ut
809 1231 847 1293 de
864 1231 1035 1306 miraculo,
1050 1231 1202 1294 videlieet

112 1324 155 1387 de
168 1325 420 1405 supernaturali,
436 1327 543 1404 prouti
562 1327 602 1386 ab
617 1327 808 1405 operatione
820 1329 959 1390 naturali
974 1329 1199 1409 distinguitur,

111 1444 187 1505 quae
204 1424 385 1487 necessaria
400 1424 484 1485 scitu
509 1434 584 1486 sunt
601 1424 743 1487 breviter
769 1445 981 1506 exponamus.
1013 1427 1199 1489 ltectrinam

112 1524 200 1586 hauc
214 1541 346 1586 emnem
362 1541 379 1583 a
394 1542 420 1585 s.
437 1523 561 1586 Thema
576 1524 813 1587 corrivahimus
827 1543 954 1588 :nemo
977 1526 1067 1586 enim
1085 1527 1144 1587 hac
1160 1525 1200 1587 de

111 1640 150 1683 re
166 1623 282 1683 melius
299 1622 441 1702 scripsit.
461 1622 649 1684 lleliuieuda
666 1624 698 1685 in
715 1624 830 1702 primis
844 1624 931 1686 venit
946 1622 1032 1686 'recta
1049 1623 1199 1686 miraculi

113 1724 220 1785 uetie.
278 1736 280 1741 ’
514 1710 516 1712 ’
805 1738 810 1741 ·

154 1821 228 1884 tet.
256 1824 429 1885 l'neresrrre
442 1824 466 1885 l.
483 1823 670 1885 Mireeutem
684 1827 809 1903 proprie
824 1831 868 1893 εει
892 1821 1014 1903 effeetus
1035 1825 1088 1904 qui
1107 1823 1200 1886 tetius

111 1932 236 1984 recture
250 1927 355 1995 creetoe
369 1922 505 1982 ordinem
519 1940 556 1982 ee
570 1921 749 2000 facultatem
763 1923 889 1984 excedit.

156 2020 316 2083 Probatur
332 2019 386 2093 ita,
401 2021 489 2097 juxta
513 2021 692 2081 doctrinam
720 2039 817 2099 quam
835 2039 861 2082 s.
874 2019 1029 2083 ‘Thomas
1045 2019 1142 2082 variis
1165 2018 1200 2081 in

110 2121 196 2183 locis
209 2120 364 2201 proponit
377 2122 425 2197 (rt.
436 2119 579 2181 lliraculi
590 2136 710 2179 nemen
722 2120 762 2179 ab
774 2121 977 2182 admiratione
989 2119 1199 2200 desumptum
1233 2190 1239 2201 ι

110 2231 184 2283 est:
215 2217 450 2280 dicitur-euim
479 2217 604 2298 aliquid
634 2217 829 2278 miraculum
861 2217 954 2299 quasi
981 2218 1199 2281 admiratione

112 2320 262 2400 plenum,
291 2318 480 2397 habensque
503 2317 536 2378 in
553 2337 587 2379 se
603 2337 676 2379 vere
692 2336 729 2378 ac
751 2318 945 2398 simpliciter
970 2318 1198 2381 admirationis

110 2436 256 2483 causam.
284 2416 544 2482 Admirationem
570 2427 679 2478 autem
696 2416 762 2477 duo
787 2415 935 2496 gignunt,
960 2417 1049 2495 juxta
1074 2417 1199 2480 Aristo·

111 2519 186 2582 telis
202 2514 385 2579 doctrinam
408 2517 444 2592 (a)
463 2533 469 2575 :
486 2513 629 2593 primum
646 2520 694 2575 est
719 2514 808 2593 qued
835 2532 929 2575 eausa
943 2515 1012 2593 ejus
1036 2514 1083 2576 rei
1100 2534 1198 2596 quam

111 2616 316 2692 admiramur
341 2613 384 2675 sit
408 2614 551 2688 occulta;
582 2614 720 2674 alterum
746 2611 835 2692 qued
862 2612 894 2673 iu
922 2630 957 2674 re
984 2612 1044 2674 hae
1071 2612 1199 2693 aliquid

11 2700 12 2703 ¹
110 2725 277 2795 appareat,
303 2730 361 2793 per
386 2711 474 2790 qued
501 2710 649 2771 videatur
673 2709 806 2772 effeetus
832 2710 1014 2773 contrarius
1029 2711 1072 2785 ei,
1100 2727 1199 2791 quem

112 2812 287 2884 miramur,
305 2810 465 2888 expectari
483 2808 615 2871 debere.
635 2811 679 2871 Ex
697 2812 759 2870 hoe
774 2809 900 2888 duplici
916 2809 1022 2889 eapite
1046 2809 1197 2871 homiues

112 2931 143 2975 v.
160 2927 210 2990 gr.
227 2909 378 2971 electrica
393 2920 424 2968 et
439 2910 620 2985 magnetica
637 2909 851 2986 pltaeuemcna
867 2907 1039 2970 mirantur,

153 3010 227 3072 455.
244 3005 307 3070 Sed
324 3023 419 3067 causa
430 3005 560 3067 effectus
574 3005 734 3067 mirabilis
748 3016 851 3086 potest
866 3025 936 3067 esse
948 3006 1075 3068 occulta
1087 3006 1198 3086 dupli·
1302 3094 1305 3101 ¹

112 3106 207 3178 citer,
231 3123 348 3185 nempe
374 3104 422 3165 vel
446 3105 547 3184 qeeed
572 3122 639 3177 nes,
666 3104 716 3164 vel
741 3104 906 3166 secandum
931 3123 971 3165 ee.
999 3105 1110 3178 Quoad
1138 3123 1197 3167 nes

110 3204 240 3267 occulta
255 3213 314 3276 est,
343 3219 446 3282 quum
470 3219 536 3262 uon
553 3211 600 3263 est
616 3211 731 3262 natura
751 3219 807 3263 sua
830 3211 860 3262 et
876 3201 1030 3263 omnibus
1057 3204 1195 3278 occulta,

109 3302 170 3366 sed
194 3300 272 3362 huic
302 3308 428 3361 tautum
453 3299 502 3359 vel
526 3298 588 3372 illi,
613 3297 892 3378 quemadmodum
912 3317 1009 3360 causa
1031 3299 1196 3380 eclypseos

110 3399 241 3464 occulta
255 3409 303 3462 est
323 3397 473 3471 rudibus,
503 3414 568 3458 nen
592 3404 700 3458 autem
722 3395 931 3460 astronomis.
948 3393 1039 3468 euoe
1057 3397 1084 3458 si
1101 3416 1197 3461 causa

112 3499 210 3562 luerit
239 3509 354 3560 natura
369 3514 426 3559 sua
455 3496 610 3557 omuibus
626 3495 764 3564 occulta,
782 3494 845 3556 erit
873 3496 1000 3558 occulta
1015 3498 1196 3561 secundum

110 3616 159 3659 se.
181 3595 268 3673 Talis
283 3603 332 3656 est
343 3595 440 3668 Deus,
455 3593 513 3673 qui
530 3611 547 3653 a
563 3592 715 3654 sensibus
730 3592 969 3658 remotissimus
983 3602 1041 3668 est,
1058 3604 1090 3655 et
1104 3595 1196 3674 eujus
1221 3642 1223 3646 Α

60 3757 65 3764 ,
111 3695 285 3758 essentiam
300 3694 460 3754 humanus
477 3693 661 3757 intellectus
676 3707 873 3770 cognoscere
889 3708 954 3752 nen
972 3700 1087 3770 potest.

151 3794 225 3857 454.
242 3790 368 3852 Pariter
380 3789 414 3850 iu
430 3808 465 3851 re
481 3789 514 3850 in
533 3808 597 3870 qua
609 3789 733 3869 aliquid
748 3788 918 3863 miramur,
936 3788 1133 3869 quaudoque
1149 3801 1196 3853 est

111 3891 286 3973 dispositio
301 3890 342 3950 ad
358 3882 546 3969 oppositum
565 3906 638 3950 vere
655 3898 685 3949 et
700 3888 866 3948 secundum
887 3886 931 3947 ni
945 3895 1102 3962 naturam,
1120 3899 1154 3950 ut
1167 3889 1195 3950 si

139 4025 172 4079 p)
187 4022 214 4079 e.
225 4022 281 4078 rap
305 4022 339 4066 ee
350 4004 401 4066 rer.
412 4032 436 4078 q.
454 4019 662 4066 vitreiacum.
678 4017 710 4063 n.
723 4032 746 4075 ρ.
758 4017 777 4064 1.
791 4028 815 4076 q.
829 4017 877 4064 ov.
888 4023 934 4062 ue
952 4016 1004 4062 vu.
1014 4023 1039 4063 et
1049 4030 1072 4075 q.
1084 4019 1133 4065 ex.
1149 4030 1193 4067 ter.

111 4098 151 4144 ll.
169 4098 259 4144 Contra
269 4103 333 4153 pent.
351 4092 402 4140 tie.
416 4092 463 4150 ΙΙΙ,
477 4104 499 4138 ε.
516 4091 554 4139 Cl.

138 4171 197 4229 tell.
209 4172 263 4217 ltlet.
275 4181 295 4214 e.
308 4168 339 4215 ΙΙ.
