2792 4600
42 204 43 227 ,
1132 206 1137 217 .

42 282 44 361 p
437 268 522 313 arnan
544 269 706 333 sanamus,
730 268 821 314 cnrur
841 269 870 313 v.
938 246 940 253 '
1145 252 1207 314 127

42 432 43 435 ,
120 382 196 458 sico,
212 381 331 461 dequo
348 398 436 444 nunc
451 382 589 462 agimus,
608 383 699 462 prius
715 393 762 444 est
778 402 836 446 suu
854 382 1051 464 principiam
1067 385 1115 448 vel
1131 396 1206 447 tem·

42 466 43 477 ¹
117 499 187 562 perc
197 479 246 541 vel
260 487 378 542 nutura
393 478 442 541 vel
455 479 571 541 saltem
586 480 718 560 oripinc.

155 578 315 659 Tempore
338 578 429 658 prius
451 592 499 640 est
521 577 554 639 id
577 577 665 658 quod
693 576 802 638 existit
828 578 930 640 altero
956 579 1108 663 nundum
1135 580 1206 641 eri·

121 685 231 741 stente.
249 675 304 739 Sic
319 675 496 756 Philippus
512 674 575 738 luit
589 676 775 737 Alexandro
789 675 893 755 prior.

155 776 276 839 Natura
292 773 384 855 prius
402 773 499 836 estid
516 792 533 835 a
550 774 643 853 cujus
659 774 831 837 existentia
847 774 1011 855 dependet
1032 775 1206 839 existentia

121 872 263 948 alterins,
281 871 371 953 quod
383 889 443 954 per
457 875 491 934 s'c
506 871 614 953 impar
629 872 799 936 existendo
814 873 868 935 sit.
882 873 970 952 ignis
982 893 1012 935 v.
1026 892 1073 955 gr.
1089 882 1137 936 est
1150 892 1204 936 na·

121 983 185 1036 tura
199 971 294 1052 prior
305 972 523 1053 calorequem
536 971 704 1048 diffundit,
715 972 792 1036 licet
804 990 869 1035 non
883 983 1047 1051 ternpore:
1060 972 1212 1053 itemque·

120 1069 509 1150 actusquilibetinternus
525 1070 618 1151 prior
629 1081 678 1133 est
690 1077 804 1133 natura
818 1071 936 1133 intimo
949 1088 1058 1145 sensu,
1069 1088 1135 1151 quo
1148 1071 1205 1134 ille

120 1169 152 1233 nt
165 1167 268 1230 menti
286 1185 442 1249 praesens.

156 1265 291 1346 Origine
307 1265 438 1328 tandem
453 1267 523 1330 sola
539 1266 632 1349 prius
647 1276 695 1329 est
720 1267 753 1328 id
776 1285 794 1329 a
816 1286 883 1347 qno
898 1267 1025 1351 aliquid
1043 1267 1205 1348 procedit,

120 1366 194 1448 quin
209 1373 321 1427 tamen
337 1350 487 1429 naturam
506 1374 538 1428 et
558 1365 764 1428 existentiam
790 1366 906 1430 lrabeat
921 1384 937 1427 a
955 1365 1062 1446 primu
1080 1365 1205 1447 depen-

120 1468 259 1530 dentem
276 1464 362 1527 Talis
379 1463 532 1546 prioritas
553 1464 638 1526 inter
663 1465 791 1526 divinas
818 1464 1028 1528 solummodo
1049 1482 1206 1545 personas

122 1565 224 1628 locum
243 1562 354 1625 habet

105 1741 108 1747 Ι
156 1662 226 1727 256
251 1660 483 1724 Animadverte
499 1662 531 1723 1⁰
547 1678 648 1724 nnnm
665 1662 768 1725 altero
795 1661 886 1743 prius
913 1680 983 1724 esse
1004 1678 1099 1743 posse
1123 1670 1205 1724 tern-

122 1778 193 1844 pore
207 1778 277 1823 non
294 1771 401 1823 autem
417 1768 544 1835 natura,
561 1772 638 1823 utv.
655 1778 704 1841 gr.
724 1759 867 1841 Babylon
890 1759 962 1823 luit
973 1759 1076 1823 Roma
1093 1760 1203 1842 pri0r;

122 1859 165 1923 rel
179 1876 368 1922 econverso
383 1868 498 1921 natura
514 1876 579 1921 non
596 1870 756 1938 ternpore,
771 1868 806 1921 nt
818 1858 903 1939 ignis
916 1868 947 1920 et
962 1859 1071 1935 calor;
1085 1877 1121 1920 ac
1135 1872 1206 1920 tan-

124 1957 188 2019 dem
204 1965 235 2018 et
253 1965 401 2036 tempore
416 1966 447 2016 et
463 1966 590 2031 natura,
607 1965 642 2018 nt
657 1956 771 2018 artifex
787 1974 887 2036 opere
905 1975 977 2020 suu

42 2050 43 2055 ’
156 2057 187 2119 2⁰
202 2053 410 2118 Prioritatem
425 2064 488 2116 tarn
501 2064 626 2117 naturae
638 2073 737 2134 quarn
749 2055 928 2135 temporis
922 2073 954 2116 rn
968 2063 1107 2135 utroque
1120 2063 1206 2117 statu

123 2154 227 2216 haberi
248 2171 353 2233 posse,
370 2153 505 2234 physico
533 2163 563 2215 et
590 2153 701 2218 ideali.
719 2156 755 2216 V.
772 2172 820 2234 gr.
838 2155 957 2217 albedo
981 2163 1097 2217 natura
1114 2153 1207 2233 prior

121 2261 164 2315 est
175 2253 207 2314 in
219 2261 305 2314 statu
319 2251 455 2334 physico
467 2253 628 2316 relatione
639 2251 871 2316 similitudinis
886 2252 939 2316 cui
953 2251 1204 2315 tundamentum

121 2352 279 2433 impertit;
297 2353 417 2413 sanitas
433 2361 539 2414 antem
557 2360 672 2416 natura
689 2353 781 2433 prior
792 2363 839 2417 est
853 2353 969 2416 transtu
983 2351 1150 2434 pharmaci
1169 2353 1203 2413 in

121 2452 231 2515 ordine
248 2453 354 2515 solum
371 2452 482 2515 ideali.

156 2550 188 2610 5⁰
203 2550 288 2612 Hinc
300 2550 389 2613 vides
402 2550 436 2611 id
450 2550 539 2631 quod
553 2551 644 2615 aliud
660 2552 693 2613 in
708 2570 775 2615 nno
787 2552 906 2615 ordine
918 2549 1099 2625 antevertit,
1111 2565 1206 2630 posse

120 2668 188 2713 esse
201 2649 250 2712 illi
264 2650 427 2730 posterius
439 2651 473 2711 in
486 2651 604 2734 ordine
616 2650 918 2715 altero.Sanitasest
926 2650 1019 2732 prior
1028 2650 1207 2731 pharmaco

123 2750 153 2811 in
169 2749 287 2813 ordine
302 2748 414 2824 ideali,
432 2750 595 2831 posterior
611 2750 670 2813 illo
686 2752 721 2813 in
738 2750 856 2814 ordine
876 2750 969 2814 reali.

120 2925 122 2930 Ι
154 2847 186 2910 4⁰
207 2847 475 2928 Quotiescunque
491 2848 695 2930 principium
709 2848 832 2911 dicitnr
843 2858 992 2928 tempore
1005 2848 1098 2929 prins
1112 2845 1205 2927 prin·

120 2945 290 3026 cipiato‚id
305 2946 611 3027 intelligendumest
623 2949 663 3009 de
674 2948 840 3029 principio
852 2957 887 3011 ut
899 2946 1203 3028 estquoddamcns,

121 3062 180 3107 non
195 3062 272 3107 vero
292 3045 334 3107 de
355 3045 523 3127 principio
548 3045 731 3110 formaliter
756 3046 976 3110 considerato.
993 3043 1203 3124 Principium

120 3140 201 3204 enim
210 3143 390 3206 uttalenun
404 3154 510 3225 potest
520 3145 703 3208 secundum
716 3154 844 3225 tempus
853 3143 959 3224 princi
964 3143 1053 3224 piato
1064 3141 1202 3204 anteire.

123 3237 260 3302 Relativa
275 3241 364 3303 enirn
377 3242 475 3305 simul
494 3253 676 3323 ponuntur.

156 3337 227 3402 257.
251 3339 291 3403 Ut
307 3358 520 3438 eorumquae
535 3352 683 3425 ternpore
700 3341 798 3405 simul
815 3352 892 3406 sunt
905 3359 972 3404 non
985 3358 1061 3404 vero
1073 3348 1201 3414 natura,
1225 3345 1227 3348 ’

100 3436 344 3550 zsuhordinatio
373 3460 438 3522 qna
463 3461 533 3506 sese
559 3443 739 3524 excipiunt,
762 3452 836 3523 apte
862 3441 1075 3522 significetur,
1100 3434 1204 3502 unum

122 3534 256 3600 dicimus
274 3557 344 3602 esse
358 3542 393 3602 in
407 3542 496 3622 siquo
510 3552 630 3605 actoru
650 3542 769 3623 priori‚·
787 3541 975 3604 alterumue
996 3540 1085 3622 ripun
1106 3548 1208 3620 poste-
1303 3564 1306 3571 ·

123 3635 205 3697 riori.

158 3733 232 3796 Est
225 3752 258 3795 ιιι
273 3734 368 3815 signu
383 3746 507 3800 nutnrae
524 3738 629 3819 priori
646 3748 796 3819 respectu
812 3736 948 3799 alterins
964 3733 1129 3816 quidquid
1147 3750 1204 3795 na·

124 3839 189 3892 tura
204 3831 295 3912 prius
310 3846 358 3897 est
374 3836 474 3912 illo;
466 3854 500 3898 ιιι
512 3837 609 3919 signo
622 3836 798 3919 posteriori
812 3834 900 3916 quod
914 3843 1029 3896 natura
1041 3831 1216 3915 posterius

124 3937 177 3992 est.
193 3931 326 4012 Signum
343 3934 406 4020 troc
421 3935 495 3999 loco
515 3935 603 3999 idem
629 3938 723 4011 valet,
740 3954 778 3998 ac
791 3943 953 4015 conceptos
966 3932 1012 3995 rei
1032 3931 1069 3996 in
1089 3947 1207 4012 conno-
