2792 4600
462 393 549 464 ninr'e
570 417 690 476 ratum,
713 417 805 464 meur
826 418 867 464 vt.
1163 399 1225 464 aba
1292 429 1295 432 ·

176 532 275 598 Proh.
294 535 326 596 l⁰
340 533 375 597 si
400 534 450 597 hee
472 533 644 615 qualitates
669 542 701 596 et
727 533 915 597 affectiones
936 532 977 596 ah
993 518 1223 596 essentialibus

132 629 301 694 attributis
317 631 450 695 realiter
473 632 765 712 distinguerentur,
783 631 960 695 dicendum
976 640 1072 708 esset,
1085 650 1139 696 eas
1154 650 1224 696 esse

134 727 257 791 formes
273 728 430 809 quasdam
446 730 675 806 accidentales,
685 750 703 791 e
715 747 874 810 corporea
886 731 1067 793 substantia
1079 730 1223 795 eductas.

133 828 236 907 Atqui
265 828 396 892 eductio
422 828 602 891 formarum
625 827 878 891 accidentalium
907 846 926 890 e
950 811 1128 891 substantia
1157 830 1226 893 iere

134 923 254 988 iisdem
277 926 524 991 difficultatibus
546 927 689 991 obnoxia
712 938 772 1004 est,
790 928 912 1009 quibus
928 928 1114 1009 impugnari
1142 929 1226 992 solet

133 1023 315 1106 formarum
343 1026 608 1088 substantialium
634 1026 766 1089 eductio
796 1045 834 1088 ex
864 1024 999 1089 materia
1025 1025 1143 1104 prima.
1159 1027 1225 1090 Nee

134 1124 240 1204 magis
256 1124 484 1206 intelligimus,
501 1143 560 1187 cur
575 1124 707 1188 eductio
723 1125 780 1187 illa
803 1142 868 1187 non
887 1125 929 1187 sit
944 1143 982 1187 ex
998 1123 1118 1198 nihilo,
1136 1143 1173 1186 ex
1186 1144 1225 1189 eo
1291 1204 1295 1212 Ι

133 1223 364 1286 tantummodo
380 1224 469 1304 quod
481 1217 661 1286 accidentia
673 1242 712 1287 ex
724 1225 869 1305 potentia
881 1223 1062 1286 educantur
1073 1224 1225 1287 substan·

135 1320 202 1398 tiae,
220 1330 251 1383 et
266 1321 300 1383 in
323 1322 504 1384 substantia
520 1322 733 1403 recipiantur.
746 1322 861 1386 blerito
879 1323 978 1403 igitur
994 1322 1052 1383 has
1073 1322 1224 1386 entitatos

135 1419 354 1483 accidentales
385 1420 576 1502 philosophi
606 1420 805 1484 recentiores
836 1421 1012 1502 rejiciunt,
1044 1422 1225 1501 prasertim

137 1536 213 1581 cum
229 1536 296 1582 nou
311 1518 420 1581 desint
435 1519 631 1599 hypotheses
648 1520 752 1583 multo
768 1520 923 1584 clariores
941 1538 978 1582 ac
993 1519 1168 1583 solidiores
1182 1521 1225 1583 ad

134 1636 207 1681 rem
221 1618 261 1680 de
276 1635 340 1698 qua
352 1613 459 1698 agitur
471 1618 710 1699 explicandam,
724 1637 804 1699 quas
815 1619 959 1700 physicae
970 1619 1116 1681 scientia
1129 1619 1226 1682 nobis

137 1714 363 1797 suppeditant.
722 1785 725 1793 ¹

179 1814 213 1877 2⁰
235 1814 308 1894 lpse
323 1813 543 1877 accidentium
568 1815 755 1877 eommunis
777 1814 870 1878 notio
885 1831 922 1877 ae
938 1814 1147 1878 definitiones
1161 1814 1228 1877 ari-

138 1914 294 2008 stotelicae
319 1932 337 1975 a
362 1913 567 1979 scholasticis
592 1925 742 1994 recepta,
759 1914 1010 1994 quanquamab
1027 1914 1068 1975 iis
1084 1914 1227 1995 propria

138 2012 297 2076 doctrinae
310 2012 478 2093 ingeniose
490 2019 690 2091 aptarentur,
700 2012 852 2074 videntur
861 2021 968 2074 tamen
981 2011 1077 2074 nobis
1088 2012 1227 2076 omnino

138 2112 257 2175 iacere.
275 2111 434 2174 Accidens
458 2113 544 2173 enim
572 2118 620 2172 est
644 2130 696 2172 ens
716 2111 753 2172 itt
773 2111 847 2185 ulio,
870 2119 905 2173 ut
924 2111 959 2172 ie
980 2110 1120 2192 subjecto.
1141 2112 1226 2193 Ergo

137 2228 247 2292 neque
272 2209 478 2273 existentiam
505 2210 601 2273 habet
626 2228 700 2273 vere
726 2210 907 2291 propriam,
925 2229 1032 2291 neque
1057 2209 1226 2291 physicam

138 2309 315 2373 essentiam
330 2308 536 2389 simpliciter,
550 2309 607 2371 sed
623 2309 880 2390 quodammodo,
895 2327 1013 2390 nempe
1026 2309 1059 2371 iu
1075 2308 1227 2373 substan·

137 2407 196 2483 tia,
214 2418 249 2471 ut
264 2407 455 2471 Aristoteles
471 2406 593 2470 notavit
607 2410 663 2485 (t),
681 2406 768 2469 unde
784 2424 842 2488 per
863 2406 1077 2470 substantiam
1094 2406 1225 2469 definiri

137 2518 210 2589 eget
226 2505 274 2586 (0.
295 2505 516 2586 riothimus
540 2524 672 2587 quoque
687 2506 839 2568 accidens
854 2524 924 2568 esse
942 2525 994 2568 ena
1019 2505 1156 2581 alterius,
1172 2525 1225 2569 eus

134 2605 226 2681 cittis,
244 2615 279 2668 ut
295 2605 383 2667 idem
399 2604 481 2665 dixit
496 2604 688 2669 Aristoteles
705 2605 754 2682 (s).
772 2604 856 2684 llrgo
871 2603 941 2684 eius
957 2604 1074 2667 entitas
1091 2603 1131 2665 ad
1147 2604 1225 2667 sub·

135 2703 291 2769 stantiam
307 2704 448 2785 pertinet
460 2711 491 2766 et
506 2711 554 2766 est
567 2702 693 2783 aliquid
712 2702 913 2765 substantia.

176 2804 211 2868 5⁰
233 2802 360 2868 Clarius
377 2804 440 2866 boe
456 2802 564 2882 ipsum
581 2801 774 2864 inductione
790 2801 958 2881 probetur.

177 2902 251 2969 216.
274 2902 359 2967 Sane
375 2902 547 2983 qualitates
563 2911 749 2964 constantes
776 2900 1029 2979 affectionesque
1051 2898 1224 2963 variabiles

133 3002 208 3066 aliae
224 3000 413 3064 immediate
428 2999 587 3061 resultant
603 3018 641 3061 ex
657 2997 913 3079 proprietatibus
932 2997 1171 3071 essentialibus,
1190 3005 1225 3060 ut

133 3102 170 3168 iu
187 3099 392 3184 precedente
413 3099 552 3163 articulo
574 3099 698 3163 dictum
715 3107 774 3172 est,
791 3097 862 3159 aliae
878 3097 983 3179 posita
998 3097 1138 3170 actione,
1152 3096 1224 3160 aliae

131 3201 245 3284 posito
259 3200 415 3263 termino.

175 3298 246 3363 lam
262 3300 295 3362 tr
310 3298 386 3373 Quae
401 3296 559 3359 resultant
573 3295 746 3358 immediate
767 3313 806 3357 ex
831 3292 1060 3357 essentialibus
1084 3290 1223 3355 attribu-

134 3397 190 3473 tis,
206 3396 247 3458 ab
261 3396 378 3458 iisdem
395 3412 461 3458 non
477 3394 725 3476 distinguuntur
737 3392 800 3455 nisi
817 3392 1031 3473 conceptibus
1043 3391 1175 3463 uostris,
1189 3397 1225 3452 ut

131 3495 347 3561 manifestum
363 3503 422 3568 est,
439 3501 470 3556 et
494 3492 631 3555 minime
652 3502 911 3556 controversum.
928 3492 1007 3566 Quis
1024 3488 1123 3568 ‚enim
1139 3487 1225 3549 dicet

132 3610 165 3659 v.
182 3611 232 3674 gr.
259 3591 520 3653 divisibilitatem
542 3589 673 3652 realiter
698 3588 857 3668 distingui
884 3588 924 3677 ab
945 3587 1145 3660 extensione,
1169 3592 1224 3647 aut

133 3691 514 3773 impenetrabilitatema
537 3689 566 3752 vi
591 3688 784 3752 resistendi?
809 3687 894 3769 Ergo
920 3686 1107 3749 affectiones
1122 3686 1224 3747 istaea

132 3789 315 3854 substantia
328 3805 486 3870 corporea
502 3803 567 3850 non
582 3786 832 3866 distinguuntur
845 3785 909 3847 nisi
926 3785 1064 3847 ratione.

177 3887 249 3952 att.
274 3886 307 3947 2⁰
325 3886 425 3949 Venio
452 3883 491 3946 ad
514 3884 685 3965 qualitates
711 3882 954 3946 et-aliectiones
978 3900 1050 3963 quae
1065 3881 1223 3944 resultant

164 4037 197 4091 tl)
212 4036 269 4083 llet.
281 4035 332 4083 Vll.
344 4037 367 4082 4.

165 4112 197 4168 tit
212 4111 268 4158 liet.
282 4109 332 4158 llll.
343 4110 367 4156 ἢ.
