2792 4600
183 326 246 391 344
619 345 811 393 cosuotocu.

39 497 41 504 κ
116 523 119 531 ,
183 456 324 543 manime
344 455 549 533 animalium,
568 458 767 539 inorganicae
788 460 933 524 maleriae
957 462 1041 525 vires
1065 479 1161 526 causa
1180 461 1273 526 suffi-

164 554 273 631 ‚ciens
290 572 354 616 non
372 563 449 618 sunt
460 554 607 633 (nasot
621 555 653 621 Si
668 556 769 637 igitur
781 566 812 619 et
824 558 990 636 primitiva
1002 568 1186 623 atomorum
1201 559 1274 621 dis·

115 733 117 738 y
146 661 150 669 ⁴
181 653 305 734 positio
319 662 351 715 et
367 654 552 735 plantarum
567 667 665 737 atque
679 657 898 721 animantium
910 657 1063 729 lormatio
1075 658 1275 721 immediatae

180 752 238 815 Dei
266 752 451 833 operationi
478 751 677 829 tribuantur,
695 755 863 818 evidenter
889 756 1048 837 possibile
1069 766 1129 831 est,
1155 764 1275 819 cetera

179 868 254 932 quae
268 859 392 913 naturae
417 847 544 914 'viribus
571 851 640 914 lieri
668 861 830 932 poterant,
845 853 991 917 voluisse
1003 854 1105 918 Deum
1121 862 1156 916 ut
1171 853 1213 916 ab
1230 853 1275 916 iis

180 949 399 1013 efficerentur.

221 1048 294 1112 306.
308 1049 388 1112 Cum
402 1048 669 1129 uterquemodus
682 1049 852 1130 possibilis
864 1050 908 1112 sit
918 1049 1274 1130 Deoqueconveniens,

179 1154 291 1212 utrum
310 1147 428 1210 borum
444 1146 636 1208 adhibuisse
657 1145 760 1208 Deum
782 1146 1024 1210 existimemus?
1048 1146 1118 1222 llic,
1136 1154 1170 1209 ut
1187 1146 1272 1220 dixi,

178 1247 266 1311 nibil
281 1245 371 1309 aliud
389 1246 508 1308 rationi
527 1247 613 1321 licet,
627 1264 726 1327 quam
741 1246 989 1327 probabilitates
1001 1251 1275 1328 conjecturasque

177 1347 308 1410 sectari.
323 1346 401 1408 [lico
415 1345 525 1424 igitur,
539 1346 597 1408 sia
613 1345 719 1427 priori
735 1347 777 1407 de
789 1364 824 1408 re
837 1346 897 1409 bac
913 1345 1089 1409 decernere
1105 1346 1282 1418 volumus,¹

177 1445 386 1528 probabilius
398 1464 479 1520 esse,
491 1446 593 1508 Deum
606 1445 807 1509 naturalium
819 1446 940 1510 virium
953 1446 1150 1523 ministerio,
1160 1445 1273 1527 quoad

176 1564 222 1608 eae
238 1551 390 1626 poterant
405 1545 532 1626 aliquid
547 1545 686 1619 efficere,
706 1563 801 1608 usum
828 1546 940 1610 tuisse.
959 1548 1033 1610 llaec
1047 1554 1095 1610 est
1110 1547 1199 1609 enim
1215 1546 1271 1607 di·

176 1643 493 1726 rimaprovidentiae
508 1653 664 1707 consueta
676 1645 792 1726 agendi
809 1646 904 1719 ratio,
920 1664 959 1708 ac
972 1655 1042 1709 tum
1059 1646 1093 1708 in
1109 1664 1274 1726 corporeo

178 1743 305 1807 mundo
319 1752 389 1806 tum
413 1744 447 1807 ln
467 1743 621 1824 spiritali,
638 1763 699 1807 nec
725 1744 759 1807 in
786 1744 926 1809 naturali
943 1745 1049 1808 solnm
1066 1744 1195 1820 ordine,
1211 1746 1273 1807 sed

177 1844 289 1930 etiarn,
302 1844 335 1906 in
357 1862 396 1907 eo
418 1837 474 1925 qu'i
499 1854 548 1906 est
562 1863 660 1925 supra
676 1856 839 1921 naturam,
856 1855 1017 1926 perpetuo
1032 1855 1141 1908 notata
1157 1844 1218 1919 lex,
1234 1855 1274 1907 ut

179 1961 385 2023 quaecunque
405 1951 520 2006 creatae
540 1961 592 2005 res
613 1944 756 2025 acceptis
781 1962 800 2005 a
825 1953 970 2008 creatore
984 1943 1109 2006 viribus
1123 1942 1275 2024 agerein

179 2042 320 2122 alicujus
343 2042 452 2124 operis
475 2045 684 2115 exsecutione
708 2052 855 2125 possunt,
880 2061 917 2106 ea
942 2044 1079 2107 omnino
1110 2044 1177 2106 illis
1202 2043 1275 2106 eili-

179 2142 297 2205 cienda
313 2142 578 2220 committantur;
595 2161 632 2205 ac
643 2152 712 2206 tum
725 2143 832 2206 solum
847 2143 964 2206 divinae
984 2142 1136 2224 potentiae
1152 2143 1270 2205 imme·

180 2243 268 2306 diata
285 2242 369 2305 adsit
385 2241 482 2317 actio,
496 2260 597 2323 quum
614 2242 664 2305 vel
687 2252 794 2307 creata
813 2243 944 2324 agentia
959 2242 1050 2305 nulla
1065 2252 1152 2318 sunt,
1169 2242 1218 2304 vel
1241 2243 1272 2305 si

181 2350 366 2424 quaesunt,
397 2340 523 2402 viribus
559 2340 599 2402 ad
629 2359 712 2422 opus
743 2341 872 2404 idoneis
912 2341 1144 2405 destituuntur.
1178 2341 1274 2404 Mitto

180 2442 331 2524 exempla
353 2459 426 2522 quae
449 2450 525 2503 sunt
549 2441 677 2503 infinita
693 2450 725 2503 et
741 2441 857 2519 obvia3
881 2461 918 2504 ac
943 2451 1022 2504 noto
1044 2442 1164 2511 solum,
1182 2441 1276 2504 hunc

180 2541 298 2622 agendi
317 2539 464 2614 modum,
484 2548 519 2601 ut
535 2539 614 2601 alibi
632 2539 700 2601 dixi
718 2539 765 2618 (0.
784 2539 867 2619 288),
891 2539 1036 2601 divinam
1062 2540 1273 2620 sapientiam,

179 2639 373 2712 bonitatem,
394 2637 571 2717 potentiam
593 2636 698 2699 multo
724 2637 826 2718 magis
851 2639 1094 2713 commendare,
1120 2638 1272 2718 quamsi

182 2738 270 2799 lleus
285 2735 396 2800 omnia
411 2736 600 2798 immediate
615 2745 736 2815 ageret.

225 2834 294 2896 lam
311 2835 344 2895 in
360 2851 470 2895 rerum
486 2833 620 2896 exordio
636 2833 819 2914 putandum
841 2843 900 2907 est,
919 2835 1019 2896 Deum
1036 2834 1191 2897 usitatum
1205 2831 1274 2894 sibi

183 2933 301 3014 agendi
317 2932 452 2995 modum
468 2950 621 3007 servasse,
639 2951 713 2995 cum
732 2934 911 3014 praesertim
928 2942 1047 2995 tuncet
1059 2932 1276 3014 providentiae

180 3032 302 3096 luturae
317 3033 399 3094 ordo
417 3032 586 3110 inciperet,
604 3041 634 3094 et
650 3032 690 3093 ad
707 3034 823 3094 mundi
839 3033 937 3095 linem
952 3034 1006 3095 bic
1021 3033 1138 3113 agendi
1154 3032 1274 3095 modus

183 3131 325 3195 manime
341 3131 549 3193 conduceret.
568 3129 772 3193 Concludere
789 3131 890 3211 igitur
906 3131 993 3206 licet,
1007 3131 1155 3192 divinum
1172 3129 1275 3191 artili-

181 3248 255 3294 cem
271 3247 337 3293 non
354 3229 465 3292 omnia
478 3245 536 3308 per
551 3247 585 3290 se
601 3229 791 3291 immediate
809 3229 983 3308 perfecisse
1005 3248 1078 3310 quae
1100 3227 1141 3289 ad
1156 3229 1273 3290 mundi

182 3330 389 3392 molitionem
407 3328 625 3408 pertinereut;
646 3328 699 3390 sed
725 3346 850 3408 eaquae
867 3330 937 3409 ipse
953 3329 1042 3391 solus
1058 3328 1164 3389 tacere
1179 3337 1274 3408 pote-

182 3438 243 3503 rat,
263 3429 270 3488 i
276 3446 371 3508 psum
388 3426 514 3499 fecisse,
532 3443 569 3487 ea
587 3444 663 3488 vero
679 3425 720 3487 ad
737 3445 810 3508 quae
825 3428 944 3490 virium
959 3437 1140 3490 creatarum
1155 3443 1275 3506 opera-

181 3529 230 3593 tio
246 3528 411 3590 sufficiens
427 3535 506 3599 erat,
526 3525 639 3587 iisdem
657 3528 863 3606 exsequenda
879 3528 1070 3589 destinasse.

223 3627 296 3692 507.
321 3626 458 3699 Quodsi
476 3625 616 3688 hociuit
635 3625 739 3687 divini
755 3614 898 3690 auctoris
918 3627 1107 3701 consilium,
1127 3627 1277 3707 prolecto

181 3744 250 3789 non
273 3733 421 3806 poterant
442 3725 552 3788 omnia
581 3743 648 3788 uno
673 3738 841 3790 momento
861 3727 945 3789 lieri.
962 3726 1041 3790 Nam
1058 3735 1173 3788 create
1186 3726 1277 3788 vires

181 3841 248 3885 non
266 3832 364 3904 agunt
386 3823 450 3884 nisi
473 3822 507 3884 in
530 3832 689 3903 tempore,
709 3841 747 3886 ae
771 3842 828 3905 per
853 3825 975 3887 multos
997 3824 1206 3888 solummodo
1222 3842 1277 3885 va·

179 3921 314 4000 riosque
333 3929 451 3996 molus,
469 3939 599 4001 perque
614 3921 730 3983 multas
750 3939 787 3983 ac
803 3923 999 3985 successivas
1015 3922 1275 3999 vicissitudines,

178 4018 456 4096 combinationes,
472 4037 608 4101 pugnas,
625 4023 847 4103 catastrophes
869 4023 910 4085 ad
935 4022 1024 4086 hunc
1045 4040 1159 4090 rerum
1179 4022 1276 4085 ordi·
1357 4036 1365 4047 ·
