2792 4600
464 354 550 398 tinen
573 352 693 420 estune,
712 354 810 398 >utem
830 354 881 398 un
940 399 942 401 ,
1168 334 1209 397 23

118 485 337 545 instrumenta
353 483 392 543 ad
407 489 513 544 certos
536 481 616 542 iiues
632 491 729 562 atque
745 498 822 542 usus
837 484 1023 544 constructa
1040 497 1047 543 :
1065 483 1098 546 2⁰
1120 499 1209 562 quae·

118 586 261 662 cumque
279 581 464 642 intellectus
481 580 644 642 construit
660 581 693 641 in
718 579 837 642 ordine
863 579 961 641 ideali
988 589 1020 643 et
1034 580 1208 656 abstracto,

117 696 191 763 quae
206 677 248 741 iis
260 688 409 741 constant
424 677 654 741 essentialibus
665 678 1007 751 determinationibus,
1022 697 1103 758 quas
1116 696 1209 740 mens

118 778 201 859 ipsis
217 778 372 855 assignat.

156 874 209 939 46.
235 877 383 938 essenon
405 874 446 936 ll.
471 875 627 938 asennaa
642 893 747 937 eornm
761 894 863 937 rmum
876 894 1010 955 qnorum
1035 874 1210 937 constitutio

116 975 153 1037 od
167 975 322 1035 intellectu
352 976 488 1035 bumana
507 993 571 1034 non
591 974 745 1053 dependet,
762 973 936 1054 cujusmodi
962 982 1035 1036 sunt
1054 993 1099 1033 rer
1114 984 1208 1033 notu·

115 1072 212 1148 rotet,
241 1071 412 1152 imperfecte
440 1058 621 1146 admodum,
649 1084 676 1135 et
697 1075 830 1134 euterius
859 1074 962 1153 potius
990 1092 1082 1153 quom
1102 1072 1210 1133 intime
1259 1099 1261 1103 π

115 1171 326 1251 cognoscimus
363 1171 492 1233 Etenim
509 1170 695 1233 intellectus
719 1189 784 1233 non
803 1181 908 1249 potest
928 1189 981 1232 cas
997 1186 1205 1250 cognoscere,

116 1270 401 1349 nisiquautumad
414 1270 446 1330 id
461 1267 1208 1348 sensitivaintuitioneautintimosensujuva·

116 1381 179 1441 tur,
197 1386 235 1430 ac
247 1370 490 1450 propemodum
505 1370 750 1432 manuducitur.
768 1369 927 1432 Sensitiva
942 1377 1049 1430 autern
1062 1366 1207 1446 cognitio

115 1467 232 1527 intima
249 1486 359 1528 rerum
381 1468 589 1529 constitutiva
607 1486 677 1531 non
689 1453 829 1547 attingit,
846 1467 903 1530 sed
926 1469 1033 1530 solum
1050 1466 1206 1547 quasdam

116 1583 229 1628 earum
244 1565 419 1645 qualitates
433 1577 488 1628 aut
503 1567 662 1646 quosdam
682 1567 826 1628 effectus.
843 1565 914 1627 Non
930 1565 1027 1626 etiam
1041 1567 1141 1643 igitur
1156 1581 1206 1623 es·

116 1664 295 1726 sentiarum
314 1666 502 1744 hujusmodi
521 1666 691 1727 notionem
714 1666 898 1741 intellectus
926 1664 1033 1737 babet,
1055 1662 1118 1723 nisi
1135 1678 1206 1723 eam

118 1780 214 1843 quam
233 1778 318 1824 notae
332 1763 399 1824 istae
414 1763 558 1842 praebere
574 1773 722 1843 possunt,
734 1781 809 1825 oum
825 1762 1086 1823 indeterminatis
1101 1760 1207 1822 notio·

116 1861 320 1936 nibusentis,
331 1861 500 1934 realitatis,
510 1879 626 1934 causae,
637 1861 774 1943 subjecti
788 1860 981 1942 conjunctae.
996 1860 1206 1923 Undeessen·

116 1959 193 2021 tiam
206 1978 340 2020 omnem
354 1960 463 2039 primo
475 1960 682 2038 concipimus
695 1960 834 2022 obscure
847 1958 1204 2040 perindeterminatum

117 2056 1206 2136 realitatisconceptum,acdeindeulterioriaccedenteexperientia

96 2151 147 2217 'et
161 2155 408 2230 comparatione
425 2173 535 2217 rerum
551 2158 589 2217 ad
618 2157 770 2230 invicem,
789 2166 824 2218 ut
849 2157 1029 2234 realitatem
1052 2173 1124 2233 quae
1147 2170 1206 2235 per

117 2251 348 2315 determinatas
364 2253 536 2335 qualitates
549 2265 721 2335 certosque
734 2255 865 2318 effectus
877 2274 911 2316 se
924 2254 1118 2316 manifestat.

156 2352 210 2415 Sic
230 2353 367 2431 corporis
387 2353 561 2413 essentiam
584 2353 792 2432 concipimus
812 2363 848 2415 ut
862 2354 1054 2427 ruditatem,
1073 2372 1146 2434 quae
1170 2369 1205 2413 se

117 2448 301 2511 manifestat
322 2451 512 2512 extensione
538 2468 575 2511 ac
589 2448 619 2511 vi
647 2452 857 2527 resistentiam
880 2451 1054 2513 essentiam
1074 2454 1204 2532 spiritus

90 2615 92 2620 ,
117 2555 151 2609 ut
165 2548 359 2618 re'atitatem,
377 2565 450 2626 quae
465 2550 494 2607 vi
514 2549 615 2626 potiet
629 2548 795 2627 cogitandi
812 2556 843 2609 et
860 2549 1011 2624 votendi;
1028 2551 1203 2611 essentiam

117 2647 191 2709 lucis
207 2657 244 2707 ut
260 2646 451 2719 realitatem,
469 2664 542 2725 quae
558 2647 809 2708 determinatam
825 2646 858 2706 in
876 2646 973 2708 nobis
985 2648 1205 2711 sensationem

116 2745 241 2806 excitat.
258 2744 304 2805 lta
319 2745 359 2805 de
375 2744 524 2823 reliquis.

155 2843 207 2906 tt.
234 2844 318 2905 Hinc
335 2843 365 2903 1ο
382 2842 486 2921 liquet
498 2841 654 2903 essentias
670 2843 772 2903 reales
789 2859 854 2903 nou
871 2860 941 2903 esse
953 2842 1050 2904 uobis
1066 2845 1204 2907 omnino
1225 2851 1227 2855 '

118 2939 262 3020 ignotas,
293 2937 570 3019 quemadmodum
600 2938 740 3000 Locitius
769 2938 974 3001 existimavit.
1002 2940 1084 3003 Sunt
1114 2942 1205 3004 enim

118 3037 212 3100 nobis
226 3056 334 3099 rerum
348 3037 497 3098 essentie
513 3039 663 3111 cognitae,
678 3055 744 3099 non
758 3038 891 3116 quidem
906 3039 939 3097 in
957 3055 1002 3111 se,
1018 3041 1074 3098 sed
1089 3041 1123 3099 in
1136 3041 1204 3102 suis

58 3161 61 3168 ·
118 3134 438 3197 manifestationibus
464 3135 608 3214 propriis
636 3145 733 3213 atque
762 3133 1094 3215 conuentibusque
1123 3138 1204 3217 quid

120 3233 182 3297 ittae
194 3245 262 3295 sint
276 3247 353 3295 satis
369 3235 402 3294 in
419 3246 578 3313 conceptu
596 3245 709 3296 nostro
725 3234 955 3312 determinant.

158 3338 190 3398 2⁰
214 3335 281 3396 Hoc
298 3327 391 3414 pacto
408 3332 627 3396 conciliantur
643 3334 729 3394 binae
745 3347 890 3394 veterum
906 3334 1114 3410 assertiones,
1131 3355 1205 3416 quae
1251 3400 1254 3405 ,

120 3434 224 3514 prima
238 3433 345 3495 fronte
360 3431 423 3494 sibi
440 3435 665 3494 cointradicerc
681 3432 845 3495 videntur.
872 3431 981 3495 Prima
1004 3443 1052 3495 est
1069 3452 1076 3498 :
1094 3455 1204 3497 esseu-

120 3534 178 3593 tias
193 3549 303 3592 rerum
327 3534 479 3609 cognosci
503 3528 700 3590 immediate
712 3529 752 3591 ab
770 3530 937 3592 intellectu
957 3542 1112 3611 tauquam
1129 3553 1206 3613 pro·

65 3633 73 3646 ”
122 3630 227 3714 prium
243 3631 418 3716 objectum.
436 3629 568 3691 Altera:
587 3630 744 3688 essentias
760 3647 870 3690 rerum
887 3648 957 3690 esse
975 3631 1072 3691 nobis
1091 3650 1206 3711 magua

122 3720 158 3788 ex
174 3738 263 3807 parte
278 3727 416 3807 ignotas.
446 3721 587 3805 Utraque
603 3743 680 3786 sane
709 3728 845 3787 assertio
868 3727 1028 3789 veraiest.
1046 3728 1081 3788 ln
1099 3730 1206 3808 prima

123 3828 206 3888 enim
221 3845 330 3890 sermo
344 3827 379 3887 fit
393 3825 434 3888 de
446 3825 634 3906 cognitione
650 3826 718 3901 itta,
736 3842 809 3905 quae
820 3826 999 3899 obtinetur,
1017 3844 1118 3905 quum
1132 3829 1207 3889 uni-

122 3923 1205 4005 versalioresatqueindeterminatasnotiones(eussubJ‘ectumetc.)

122 4021 1205 4105 pernotasquaiitatumeteffectuumdeterminamustdbt.inaltera
