2792 4600
416 309 503 352 ureae
523 308 683 367 succuum,
708 310 799 355 aanor
821 311 864 355 111.
899 342 902 349 ι
1137 291 1196 354 tot

104 421 208 483 tionis
222 431 282 495 est,
300 440 402 502 quum
420 422 670 485 Fundamentum
692 424 862 488 relationis
877 433 925 487 est
942 424 974 486 in
992 434 1132 504 utroque
1147 441 1197 486 re·

12 528 14 579 t
105 519 171 580 lato
183 519 587 596 diversum,neceamdem
597 524 729 601 utrique
744 522 861 584 tribuit
877 522 1193 587 denominationem.

105 615 304 695 Huiusmodi
317 627 364 680 est
379 619 495 681 relatio
512 619 598 681 iuter
613 637 744 684 causam
757 631 787 682 et
803 621 966 685 effectum.

12 706 14 729 ἦ
147 715 162 743 *
177 718 251 785 209.
268 717 308 780 ll.
325 717 447 783 Usitata
462 729 530 780 erat
559 720 645 798 apud
663 730 786 783 veteres
801 720 900 784 altera
916 721 1113 785 relationum
1137 736 1196 781 seu

106 812 218 896 potius
234 814 443 879 relativorum
469 815 599 889 divisio,
629 834 747 898 nempe
761 818 794 879 iu
811 818 943 880 relativa
957 819 1123 880 secundum
1138 835 1198 879 eece

12 950 14 957 ν
107 921 138 974 et
154 911 189 973 in
216 912 351 974 relativa
375 914 538 975 secuudum
553 915 633 989 dici;
650 915 814 996 quaelicet
829 930 973 1001 versetur
990 917 1096 995 notius
1110 916 1198 979 circa

106 1011 284 1073 nominum
298 1012 583 1092 significationem,
593 1023 640 1077 est
652 1024 760 1078 tamen
777 1015 869 1077 utilis
885 1015 923 1075 ad
941 1013 1194 1078 relationiscon·

107 1118 242 1188 ceptum
255 1109 487 1173 illustrandum
503 1120 534 1174 et
545 1112 585 1173 ad
600 1120 747 1175 veterum
762 1113 1024 1191 intelligentiam.

148 1207 297 1273 Relativa
324 1211 563 1287 recundumesec
588 1210 745 1274 dicuutur
774 1231 812 1274 ea
841 1211 976 1275 nomina
993 1231 1064 1293 quae
1084 1228 1122 1273 ex
1136 1227 1195 1272 suo

106 1290 288 1387 principali
304 1307 486 1386 significato
509 1309 596 1390 ipsas
616 1309 792 1372 relationes
808 1309 1004 1389 significant,
1021 1318 1054 1374 ut
1069 1328 1141 1390 quae
1156 1305 1196 1369 ad

106 1423 162 1466 cas
191 1405 423 1485 significandas
453 1406 608 1488 imposita
638 1416 724 1471 suut.
752 1410 841 1473 Talia
858 1410 993 1473 nomina
1008 1416 1196 1489 santonica,

103 1502 219 1579 omia,
229 1505 382 1583 domiuus,
396 1514 458 1569 etc.

148 1602 296 1668 Relativa
317 1604 482 1667 secundum
508 1605 570 1667 dici
584 1622 621 1667 ea
636 1615 714 1668 sunt
728 1626 802 1689 quae
815 1627 854 1670 ex
880 1627 940 1671 suo
960 1604 1135 1689 principali
1152 1604 1196 1667 si·

106 1700 265 1783 gnificato
278 1711 392 1766 notant
407 1703 533 1783 aliquid
560 1723 660 1786 super
674 1706 764 1787 quod
789 1706 945 1769 fundatur
967 1705 1096 1781 relatio,
1114 1712 1150 1765 ut
1164 1721 1194 1764 v.

106 1819 157 1882 gr.
178 1802 384 1882 qualitatem;
409 1802 603 1866 secundario
620 1814 726 1865 autem
751 1805 942 1867 relationem
958 1811 1148 1877 connotant,
1162 1807 1198 1863 ut

107 1901 181 1991 haec
193 1901 327 1964 numina
344 1918 352 1963 :
370 1920 476 1964 census
491 1904 540 1962 vel
555 1903 702 1978 scientim
716 1895 857 1984 quorum
879 1904 1021 1983 primum
1036 1901 1198 1983 significat

108 2019 148 2063 ex
165 1999 325 2081 primario
346 2001 530 2081 significato
549 2006 725 2081 potentiam
743 2004 929 2082 quamdam,
947 2003 1084 2063 alterum
1102 1999 1197 2062 hahi-

108 2108 181 2161 tum
197 2100 334 2173 mentis;
348 2102 544 2166 secundario
568 2113 674 2165 autem
692 2111 876 2182 respectum
892 2102 931 2163 ad
947 2101 1110 2181 objectum
1123 2117 1197 2161 sen·

19 2240 24 2253 ·
107 2184 272 2261 sibile'vel
288 2200 417 2264 scibile.

150 2296 251 2362 *atu
282 2302 318 2363 lu
344 2310 484 2382 utroque
513 2320 613 2384 porro
631 2320 751 2381 genere
779 2301 956 2364 relatorum
984 2298 1198 2362 inveniuntur

12 2387 14 2490 ζ
104 2400 286 2462 relationes
302 2401 406 2488 ¹reales
428 2411 460 2466 et
476 2400 648 2479 logicaelta
660 2407 751 2480 puter
767 2410 798 2461 et
810 2399 953 2461 dominus
973 2405 1050 2460 sunt
1064 2397 1197 2460 relativa

105 2501 293 2562 secundum
322 2518 403 2572 esse,
421 2499 641 2562 nihilominus
668 2508 760 2580 pater
776 2498 969 2572 relationem
987 2497 1119 2571 realem,
1137 2494 1197 2558 do·

105 2599 223 2660 minus
236 2600 429 2661 relationem
444 2598 584 2679 logicam
596 2598 771 2677 significat.

149 2699 176 2763 Ε
191 2715 349 2760 converso
360 2697 488 2759 cucutia
503 2706 663 2760 etcrcotor
678 2698 813 2760 relativa
828 2706 906 2759 sunt
920 2696 1102 2760 secundum
1118 2692 1196 2768 dici,

104 2795 153 2857 ita
170 2807 278 2858 tamen
295 2805 330 2858 ut
345 2796 481 2858 scientia
506 2796 699 2858 relationem
723 2796 883 2877 significet
909 2796 1041 2869 realem,
1070 2800 1198 2855 creator

103 2912 185 2957 vero
216 2895 409 2958 relationem
434 2896 586 2975 logicam,
618 2915 690 2976 quae
720 2897 864 2959 divinam
890 2896 1053 2959 actionem
1082 2912 1198 2957 conse·

12 3049 14 3080 ζ
105 2995 235 3076 quitur.

87 3123 89 3128 ·
149 3093 160 3116 *
176 3093 249 3158 att.
260 3094 316 3157 lll.
327 3094 484 3174 Congruit
500 3093 567 3157 lere
582 3112 657 3157 cum
671 3093 867 3174 praecedenti
884 3094 985 3156 altera
1000 3092 1198 3182 relationum

104 3193 241 3274 partitio
254 3203 285 3255 et
301 3194 372 3273 ipsa
387 3192 551 3256 veteribus
563 3193 803 3273 acceptissima,
821 3193 855 3254 in
872 3192 1065 3255 relationem
1081 3187 1197 3251 tideli-

12 3309 14 3314 *
104 3300 158 3352 cet
168 3292 462 3356 transcendentium
475 3304 506 3354 et
518 3292 828 3373 praedicamentalem.

148 3390 278 3454 Relatio
307 3389 602 3452 transcendentalis
632 3398 680 3452 est
710 3390 827 3452 entitas
842 3387 1002 3461 absoluta,
1021 3387 1054 3447 iu
1070 3403 1135 3465 qua
1147 3401 1196 3446 se·

106 3487 269 3550 cundario
285 3487 449 3567 reperitur
463 3488 546 3551 ordo
568 3507 625 3552 seu
644 3487 803 3550 habitudo
817 3488 858 3549 ad
875 3485 1000 3566 aliquid
1018 3482 1119 3546 aliud.
1134 3484 1197 3546 Vo-

107 3598 203 3646 catur
231 3585 536 3653 transcendentalis‚
554 3586 632 3668 quia
649 3586 682 3646 in
700 3586 798 3649 rebus
815 3584 970 3648 omuibus
986 3581 1124 3663 reperiri
1142 3599 1199 3660 po·

107 3689 188 3760 test;
215 3700 281 3745 nou
311 3668 390 3763 quia
420 3701 530 3746 rerum
557 3684 708 3746 omnium
739 3683 878 3748 essentia
897 3684 939 3745 sit
965 3691 1032 3745 tota
1057 3681 1091 3743 in
1112 3697 1197 3761 puro

107 3796 259 3863 respectu
273 3783 311 3846 ad
327 3780 430 3858 aliud,
448 3782 504 3846 sed
520 3782 598 3863 quia
614 3782 735 3864 aliquis
748 3792 913 3864 respectus
929 3782 969 3844 ad
981 3781 1072 3855 aliud
1088 3797 1198 3843 rerum

107 3881 259 3952 omnium
275 3882 450 3943 essentiam
466 3881 624 3962 consequi
638 3888 755 3961 potest.

151 3979 278 4046 Relatio
307 3979 601 4061 praedicamentalis
617 3988 665 4042 est
682 3997 785 4061 purus
800 3978 881 4042 ordo
895 3997 951 4042 seu
968 3985 1134 4059 respectus
1147 3976 1195 4040 rei
