2792 4600
104 400 108 404 ¹
134 305 198 369 202
463 352 466 357 -
581 329 771 390 cosnouoom.

177 438 226 502 10.
244 438 401 502 Caeterum
412 458 478 504 uon
488 443 747 526 omniaeorpora
755 448 956 527 generationi
970 451 1223 532 etcorruptioni

131 535 276 599 obnoxia
292 556 361 600 esse
379 539 582 622 peripatetici
610 545 839 622 autumabant;
856 546 912 607 sed
929 548 1138 613 solummodo
1155 552 1224 613 lraec

43 718 46 724 Ι
131 631 246 695 infima
261 644 292 697 et
307 637 499 701 sublunaria
514 657 523 704 τ
540 640 639 704 eoelo's
654 652 762 704 autem
775 652 806 705 et
822 643 1116 727 coelestiaoorpora
1132 647 1222 730 inge-

131 732 293 795 nerabilia
304 754 374 799 esse
386 747 417 799 et
429 737 708 820 incorruptibilia.
724 739 950 806 Nihilominus
961 744 1079 807 eoelnm
1092 762 1222 828 quoque

129 847 170 892 ex
186 834 323 897 materia
335 833 337 839 ’
349 845 380 898 et
402 835 506 901 forma
522 847 670 902 constare
685 839 837 921 plerique
852 843 1039 920 censebant,
1059 854 1166 910 tamen
1183 868 1221 911 ex

43 1005 52 1017 .
130 933 267 996 materia
282 935 322 997 ab
342 937 400 1039 bac
415 938 587 1002 sublunari
605 939 701 1020 longe
716 939 856 1007 diversa.

111 1109 117 1120 ,
172 1047 262 1112 liano
277 1061 385 1115 autem
405 1053 617 1119 sublunarem
641 1055 821 1131 materiam,
841 1060 1068 1141 quamprimo
1085 1060 1219 1144 fnilper

126 1149 329 1215 creationem
343 1151 513 1232 producta,
529 1156 722 1234 productam
735 1174 806 1219 esse
818 1157 994 1222 censebant
1005 1160 1066 1223 sub
1079 1169 1219 1240 quatuor

125 1244 341 1312 elementorum
357 1250 484 1318 iorrais,
503 1252 673 1337 Elementa
689 1253 798 1335 itaque
824 1264 900 1319 suut
925 1258 1032 1337 prima
1057 1276 1218 1339 eorpora;

126 1343 281 1409 videlicet
295 1366 359 1424 uer,
375 1350 470 1431 cquis,
487 1370 582 1432 oque,
598 1362 691 1415 terro.
710 1351 755 1414 Ex
783 1354 835 1415 his
863 1363 972 1417 aulem
998 1355 1081 1418 fiunt
1105 1357 1217 1434 mixta,

125 1454 300 1523 quatenus,
335 1448 573 1513 elementorum
608 1451 725 1514 formis
759 1454 982 1533 pereuntibus,
1017 1456 1217 1519 nova'mixti

126 1544 232 1608 forma
248 1564 285 1608 ex
298 1566 412 1611 eorum
430 1550 565 1614 materia
579 1551 743 1615 educitur.
756 1551 862 1616 Manet
877 1565 985 1616 tamen
999 1559 1033 1616 in
1046 1555 1149 1619 mixto
1160 1555 1219 1618 ali-

125 1643 208 1723 quid
231 1642 491 1726 elementorum}
510 1667 628 1730 nempe
643 1651 742 1713 cirtae
755 1650 944 1732 qualitatum
958 1662 1023 1715 tam
1040 1653 1217 1717 antivarum

123 1763 224 1826 quam
242 1746 455 1825 pessimum,
473 1766 546 1828 quae
572 1747 811 1813 elementorum
828 1760 904 1813 sunt
920 1751 1078 1833 propriae3
1095 1752 1152 1814 sed
1169 1754 1219 1815 bae

48 1890 49 1895 η
123 1856 260 1908 manent
281 1847 316 1909 in
344 1845 445 1926 gradu
474 1848 624 1920 remisso,
650 1847 693 1908 ita
717 1857 753 1909 ut
774 1848 882 1910 media
905 1848 1055 1930 quaedam
1078 1851 1217 1930 qualitas

123 1964 164 2007 ex
190 1945 247 2006 ἰίεχ
259 1946 324 2020 liat,
351 1946 428 2009 licet
443 1944 643 2027 quandoque
659 1963 735 2009 cum
751 1946 889 2026 aiicujus
905 1947 1072 2029 qualitatis
1088 1949 1215 2029 praedo·

124 2044 245 2107 minio.

103 2188 105 2192 ¹
167 2163 218 2227 ll.
243 2160 316 2223 Haec
333 2168 409 2223 sunt
424 2162 589 2242 praeeipua
610 2160 830 2241 peripateticae
860 2159 1019 2223 doctrinae
1047 2161 1154 2242 capita
1175 2162 1217 2225 de

122 2278 303 2343 corporum
320 2267 445 2323 natura.
463 2262 500 2325 ln
520 2259 641 2342 quibus
657 2258 860 2341 explicandis
877 2260 999 2338 multae,
1017 2269 1053 2324 ut
1065 2261 1112 2339 iit,
1129 2263 1216 2325 orie·

36 2410 38 2416 .
123 2358 258 2435 bantur,
282 2370 379 2440 atque
409 2359 488 2422 hine
510 2359 588 2421 inde
610 2358 819 2440 agitabantur
841 2360 1060 2440 quaestiones;
1085 2361 1215 2441 illaeque
1256 2436 1258 2439 ¹

123 2458 307 2539 praesertim
324 2476 332 2522 :
350 2467 459 2522 utrum
476 2460 612 2521 materia
628 2461 796 2540 propriam
813 2459 980 2522 entitatem
995 2456 1216 2535 existentiam·
1298 2450 1301 2455 ⁴

122 2553 257 2640 queper
269 2558 446 2621 sehaberel
457 2575 464 2636 ;
475 2567 506 2620 et
521 2568 632 2621 utrum
652 2557 763 2637 plures
778 2556 892 2620 formae
907 2567 1040 2637 possent
1055 2559 1088 2620 iu
1101 2559 1214 2621 eadem

121 2659 259 2722 materia
286 2657 384 2719 simui
415 2660 605 2719 coexistere.
627 2656 711 2718 Vide
734 2655 944 2718 Franciscum
959 2657 1076 2719 Suarez
1100 2657 1158 2738 qui
1174 2657 1224 2720 de

88 2782 92 2787 ·
123 2754 178 2817 iris
195 2755 353 2818 latissime
368 2755 514 2837 disputat
531 2756 578 2833 (r).

166 2871 218 2936 ll.
242 2873 349 2946 Quum
375 2888 451 2934 vero
476 2872 617 2934 atomica
643 2870 804 2942 doctrina,
822 2889 880 2951 per
894 2873 1076 2935 Cartesium
1092 2882 1124 2935 et
1137 2875 1214 2938 Gas-

121 2970 262 3033 sendum
279 2971 468 3045 instaurata,
485 2970 629 3051 evulgari
642 2971 753 3051 coepit,
768 2987 834 3033 non
851 2971 984 3033 deluere
1000 2971 1086 3033 inter
1100 2988 1213 3034 eorum

123 3066 311 3152 temporum
335 3071 565 3153 peripateticos
587 3070 644 3151 qui
667 3070 716 3132 vei
740 3069 950 3132 Aristotelem
973 3069 1012 3131 ad
1037 3063 1140 3144 illam,
1164 3070 1213 3132 vel

106 3172 216 3232 ‘iliam
232 3170 272 3232 ad
291 3170 496 3236 Aristotelem
514 3170 703 3250 pertrahere
718 3177 927 3232 conarentur.
944 3157 1074 3230 ilicum
1096 3169 1215 3230 atomis

121 3277 420 3352 corporaconetare
430 3271 668 3347 permitterent,
681 3268 744 3331 hoc
755 3268 869 3329 saltem
885 3266 955 3329 dari
971 3257 1034 3327 sibi
1052 3256 1213 3340 volebant,

124 3372 212 3449 ipsas
238 3376 364 3430 atomos
380 3366 513 3428 materia
531 3367 635 3446 prima
650 3383 687 3427 ac
703 3364 909 3427 substantiali
928 3363 1042 3437 forma,
1058 3373 1214 3444 tanquam

122 3462 1214 3555 partibusessentialibusatqnedistinctisoomponi.Quidametiam
1256 3519 1258 3521 ,

121 3568 237 3629 iormae
253 3565 388 3628 nonaine
403 3567 467 3626 vim
485 3564 628 3632 materiae
644 3564 781 3629 activam
797 3561 1007 3642 appellabant
1022 3564 1076 3639 (elz
1092 3561 1214 3639 quibus

118 3683 235 3743 ansam
246 3660 557 3744 praebuissevidetur
569 3658 781 3735 Leibuitzius,
796 3659 851 3740 qui
866 3657 979 3722 iormae
991 3658 1215 3722 substantialis
1251 3722 1254 3725 ,

154 3881 185 3935 (1)
197 3881 263 3938 bisp.
274 3880 329 3926 liet.
340 3876 405 3936 Disp.
414 3878 473 3926 xm
484 3885 508 3924 et
519 3877 570 3924 XV.

154 3955 185 4012 (2)
202 3954 321 4012 Utrunque
337 3963 455 4000 memorat
471 3953 523 4000 los.
542 3949 654 4010 Mongold
673 3950 698 3998 S.
710 3945 1181 4006 J.Pili.rat.etexper.'i.11.'liisaert.
1193 3949 1216 3994 1.

122 4028 198 4088 Phys.
208 4041 263 4087 gen.
274 4028 338 4075 Soet.
347 4028 368 4075 i.
376 4029 391 4084 l
399 4027 437 4073 tt.
