2792 4600
152 284 220 349 252
561 325 563 329 -
592 298 786 348 casnetocn.

149 412 314 497 partibus,
345 413 446 476 altera
473 411 658 494 potentiali,
684 412 786 476 altera
807 412 939 487 actuali,
962 412 1010 475 rel
1029 431 1068 476 ex
1091 411 1245 494 pluribus

150 509 305 593 partibus
334 510 529 575 actualibus.
550 509 622 574 Non
640 520 717 575 sunt
745 519 854 574 autem
876 510 1067 591 composita
1087 530 1125 574 ex
1155 521 1246 589 parte

152 611 339 692 potentiali,
353 621 385 673 et
396 629 434 674 ex
447 622 538 692 parte
549 611 681 684 actuali,
696 620 732 673 nt
747 610 919 691 probatum
932 620 980 673 est
995 609 1057 687 (88,
1075 612 1169 690 seql.
1182 607 1245 671 Na·

153 725 222 789 qne
232 705 270 771 'cx
284 710 430 791 partibus
444 710 638 773 actualibus.
653 711 735 774 Nam
751 712 800 772 bae
815 720 922 789 partes
934 709 1076 772 actuales
1091 717 1148 772 aut
1160 707 1245 770 vires

152 815 243 882 snnt,
261 819 316 871 aut
324 817 455 890 puncta,
465 819 520 871 aut
535 809 802 888 allecorpnscula
814 809 983 872 continua.
1000 806 1063 871 Sed
1077 817 1246 888 nequeunt

152 924 226 969 esse
240 907 325 971 vires
340 907 401 987 (86)
419 917 449 970 et
462 918 629 990 nequeunt
644 926 715 970 esse
731 919 851 988 puncta
867 925 905 968 ex
921 906 1153 969 demonstratis
1168 904 1244 984 (79).

151 1003 328 1086 Nequeunt
345 1008 423 1069 item
442 1025 512 1069 esse
532 1006 727 1087 corpuscula
746 1006 927 1081 continua;
957 1023 1033 1067 nam
1054 1005 1181 1083 agimus
1203 1002 1244 1066 de

153 1104 361 1184 corpusculis
381 1104 637 1169 substantiarum
653 1123 728 1166 vere
744 1103 959 1185 simplicium.
976 1104 1044 1167 lloc
1067 1120 1171 1166 unum
1187 1099 1248 1163 ita·

138 1198 221 1284 ‘qne
232 1203 409 1266 dicendum
425 1212 594 1285 superest:
619 1212 746 1266 atomos
762 1202 1019 1266 substantiarum
1043 1199 1246 1281 simplicium

154 1318 227 1364 esse
246 1318 379 1380 prorsus
407 1301 668 1381 incompositas:
693 1318 731 1363 ac
753 1300 893 1381 proinde
924 1300 1038 1364 ultima
1067 1314 1246 1379 corporum

41 1433 44 1436 ·
154 1401 317 1461 elementa
332 1418 415 1461 ease.

198 1496 273 1560 llac
286 1515 373 1571 vero,
392 1516 466 1578 quae
481 1498 625 1560 diximus
641 1497 682 1559 de
697 1496 815 1560 atomis
838 1495 1105 1578 ponderabilium
1129 1512 1248 1575 corpo·

152 1612 241 1668 rum,
264 1614 336 1677 que
357 1597 493 1659 chimisi
513 1596 737 1671 considerant,
758 1594 898 1657 dicenda
919 1614 959 1657 ex
979 1612 1074 1674 aquo
1101 1604 1177 1656 sunt
1205 1592 1247 1655 de

152 1692 274 1757 atomis
290 1693 420 1756 aetheris
437 1692 723 1780 imponderabilis,
740 1691 767 1753 si
784 1692 825 1753 ab
847 1690 965 1754 atomis
980 1690 1247 1772 ponderabilium
1264 1755 1266 1760 ,

120 1801 123 1806 ’
155 1776 334 1871 cor‘porum
353 1792 528 1872 primitivis
550 1810 663 1873 reapse
686 1792 736 1854 bae
756 1790 923 1853 differunt.
954 1788 1035 1852 Nam
1067 1788 1246 1869 utrobique

156 1889 281 1951 eaedem
298 1887 442 1952 rationes
457 1889 577 1951 valent.

199 1986 251 2051 98.
268 1990 373 2052 Pauca
388 2007 477 2052 nunc
491 1988 532 2050 de
547 1996 733 2051 atomorum
750 1986 991 2067 primitivarum
1009 1986 1161 2049 essentia.

139 2155 141 2158 ,
200 2085 382 2149 Dicendum
404 2087 513 2168 itaque
534 2087 759 2149 nescentiam
779 2087 951 2166 panormam
972 2084 1104 2148 atomici
1125 2101 1244 2166 corpu·

156 2184 242 2245 sculi
259 2185 417 2265 primitivi
435 2186 519 2249 hauc
535 2203 616 2260 esse,
641 2197 677 2247 ut
694 2185 738 2247 sit
756 2184 937 2247 substantia
959 2184 1148 2248 extensione
1169 2200 1247 2264 geo·

157 2285 294 2346 metrica
311 2303 349 2348 ac
366 2284 396 2347 vi
414 2285 586 2349 resistendi
612 2285 759 2368 predita.
777 2282 855 2357 oue
876 2284 943 2347 duo
963 2302 1030 2347 non
1046 2294 1123 2349 sunt
1138 2300 1247 2347 essen·

155 2384 212 2445 tiae
233 2391 417 2456 eternorum
439 2387 647 2448 constitutiva
664 2386 774 2460 realia,
793 2392 828 2447 ut
848 2401 948 2464 supra
969 2383 1155 2447 dictumest
1169 2384 1245 2462 (87),

155 2481 215 2543 sed
232 2481 318 2544 binae
334 2483 612 2547 manifestationes
625 2483 814 2545 substantiae
826 2500 993 2564 corporeae
1007 2483 1152 2561 ejusdem
1169 2500 1247 2566 pro·

156 2581 240 2662 priae
260 2591 357 2662 atque
377 2592 574 2658 constantes,
596 2600 669 2664 quae
691 2583 726 2645 in
745 2582 872 2645 ultimis
901 2600 1034 2663 qnoque
1064 2598 1242 2664 corporum

157 2678 331 2742 elementis
348 2680 554 2762 reperiantur
572 2699 704 2745 necesse
725 2689 784 2745 est.
809 2683 863 2746 llae
882 2681 1039 2745 dicuntur
1058 2681 1247 2745 essentiales

124 2788 128 2796 ·
159 2792 277 2838 eornm
294 2780 519 2858 proprietates,
537 2782 614 2862 quia
626 2798 690 2842 una
702 2798 776 2843 cnm
793 2780 1044 2843 indeterminata
1059 2781 1248 2847 substantiae

161 2878 312 2952 notione,
326 2878 403 2939 satis
419 2878 638 2942 determinant
650 2880 685 2942 in
696 2888 856 2960 conceptu
873 2891 985 2945 nostro
1001 2882 1082 2962 quid
1098 2882 1155 2947 illa
1169 2882 1247 2947 sint.

205 2977 250 3039 lle
265 2979 390 3040 caeteris
405 2978 646 3041 antemviribus
655 2979 777 3061 quibus
793 2980 891 3042 atomi
902 2980 1248 3064 instructaesunt,qua·

162 3090 238 3137 rum
253 3093 316 3156 ope
332 3075 366 3138 in
382 3095 416 3140 ac
431 3087 545 3140 mutuo
561 3077 672 3159 agunt,
690 3096 756 3142 non
773 3079 809 3142 tit
826 3080 950 3141 mentio
963 3080 996 3141 iu
1012 3081 1162 3145 essentie
1176 3081 1249 3146 des·

163 3175 340 3255 criptione;
351 3176 458 3256 primo
471 3177 770 3258 quidemquiaeine
783 3177 850 3240 illis
862 3179 1249 3261 atomnsconcipipotest;

162 3284 232 3337 tum
248 3274 346 3336 etiam
361 3277 440 3355 qnia
456 3277 505 3337 bae
520 3275 604 3337 vires
619 3276 660 3337 ab
679 3275 908 3339 essentialibus
924 3276 1180 3357 proprietatibus
1198 3278 1250 3342 di·

165 3382 311 3446 manant,
335 3383 371 3434 ut
393 3371 477 3434 infra
493 3373 670 3436 videbitur.
774 3439 781 3445 „

172 3472 178 3512 ³
208 3469 434 3534 llicendurnl⁰
455 3470 495 3533 de
515 3470 656 3552 specifica
677 3472 919 3553 primitivarum
942 3480 1126 3536 atomorum
1142 3492 1251 3537 essen·

166 3570 213 3632 tia
229 3569 282 3631 rix
303 3568 430 3650 aliquid
446 3570 542 3632 statui
565 3587 671 3650 possc.
687 3569 767 3633 Nam
784 3570 944 3649 specificae
965 3587 1077 3632 earnm
1102 3573 1250 3653 proprie·

163 3676 246 3729 tates
257 3667 407 3730 sensibus
423 3669 545 3730 nostris
563 3686 629 3730 non
643 3677 763 3749 patent,
777 3686 815 3731 ac
829 3670 935 3732 solnm
948 3686 983 3730 aa
995 3668 1250 3737 manifestantia
1328 3702 1332 3707 ·

163 3783 342 3847 corporum
358 3766 625 3847 proprietatibus.
644 3767 839 3847 ignoramus
850 3775 1005 3848 praeterea
1019 3785 1169 3848 quasnam
1184 3772 1252 3835 sint

163 3883 239 3928 vere
261 3862 428 3944 simplices
450 3865 651 3928 substantiae.
664 3864 890 3930 Nihilominus
913 3874 1053 3929 statuere
1076 3885 1251 3946 possumus

163 3965 357 4046 generatim,
387 3972 512 4027 atomos
534 3963 737 4027 diversarum
759 3962 1016 4027 substantiarum
1045 3964 1251 4047 simplicium
