2792 4600
407 330 492 376 menn
514 330 675 398 securum,
699 330 791 376 error
812 331 857 376 m.
1123 311 1186 377 339

95 447 143 510 vis
159 446 206 532 rei
222 454 337 510 create
353 466 463 510 rerum
478 447 617 509 aliarum
634 448 747 510 saltem
765 447 975 529 possibilium
994 448 1184 512 mutationi·

95 546 157 610 bus
186 545 418 609 mensurabilis
444 556 503 607 est.
526 544 660 608 Nullum
687 556 795 609 autem
826 546 1046 609 mensurabile
1077 545 1189 609 infini-

95 653 178 709 tum.
214 712 216 715 ,

137 743 170 805 5⁰
185 740 327 805 Mundus
343 740 477 823 proprie
497 738 665 821 loquendo
688 740 755 804 diei
776 742 890 822 nequit
910 751 1037 807 creatus
1054 744 1087 805 in
1104 752 1188 807 tem·

17 889 18 914 r
95 859 204 923 pore;
229 840 307 921 quia
329 853 403 903 ante
421 839 633 916 creationem,
665 840 796 903 nullum
826 850 895 903 erat
918 843 1005 905 reale
1035 851 1191 924 tempus;
1287 874 1289 878 ·

17 955 18 958 ’
95 940 155 1003 sed
183 957 255 1002 eum
283 947 413 1020 tempore
442 938 520 1019 quia
555 937 714 1019 temporis
744 937 877 1001 initium
907 940 1035 1003 creatio
1064 941 1189 1022 posuit.

17 1029 19 1034 ’
138 1040 169 1104 6⁰
184 1039 218 1101 Si
234 1038 417 1121 quisdicat,
431 1037 534 1100 Deum
548 1038 692 1117 potuisse
706 1038 867 1101 mundum
880 1056 991 1100 creare
1007 1038 1111 1119 prius,
1126 1039 1193 1102 boc

17 1167 19 1214 r
95 1155 166 1203 non
187 1138 283 1201 aliter
316 1136 500 1218 intelligere
527 1137 666 1218 poterit,
689 1155 789 1217 quam
817 1137 857 1200 de
885 1146 1033 1220 tempore
1063 1137 1191 1213 ideafi;

96 1249 219 1319 nempe
233 1237 431 1300 creationem
447 1252 625 1315 rerumque
640 1233 887 1298 vicissitudines
904 1235 948 1298 ita
971 1235 1119 1299 ordinari
1136 1219 1194 1317 po·

96 1338 212 1412 tuisse,
228 1343 265 1399 ut
277 1343 351 1419 post
367 1336 452 1398 banc
463 1333 675 1410 creationem,
693 1346 724 1397 et
746 1344 820 1397 ante
835 1353 888 1398 eas
904 1352 1012 1399 rerum
1028 1334 1193 1399 vicissitu-

98 1435 193 1500 dines
209 1455 284 1517 quae
302 1434 502 1516 creationem
525 1434 633 1514 reipsa
654 1444 837 1508 consecutae
849 1444 937 1511 sunt,
959 1435 1032 1498 aliae
1059 1437 1197 1516 insuper

97 1532 540 1621 vicissitudinespossibiles
555 1532 797 1613 contingerent.

547 1682 677 1747 CAPUT
701 1682 758 1747 ΙΙΙ.

508 1828 544 1869 nn
562 1769 648 1869 uuum
671 1827 800 1871 orrrrcro.

542 1972 709 2019 nnrrcunus
731 1974 754 2018 1.

335 2086 419 2151 Unde
432 2087 473 2149 ait
486 2106 590 2149 rerum
603 2086 761 2164 distinctio
775 2093 865 2168 utque
887 2089 972 2151 ordo.

145 2221 219 2287 297.
249 2220 321 2283 Duo
350 2195 525 2302 supersunt
541 2216 742 2300 quaerenda:
758 2217 790 2279 f⁰
804 2217 878 2300 quis
893 2217 993 2282 fuerit
1007 2221 1136 2298 mundi,
1159 2242 1199 2288 ac

105 2339 303 2402 rerumquae
319 2320 353 2383 in
369 2338 408 2383 eo
422 2325 498 2381 sunt
513 2316 640 2398 opifen3
657 2318 690 2381 2⁰
706 2334 772 2398 quo
783 2317 883 2382 modo
898 2327 930 2380 et
944 2318 1062 2382 ordine
1079 2323 1196 2385 mundi

19 2432 45 2505 J
106 2420 278 2504 opificium
304 2416 485 2500 perfectum
508 2417 562 2484 sit.
583 2416 628 2479 De
654 2415 719 2478 fine
740 2416 829 2478 enim
849 2416 919 2496 ejas
934 2435 971 2480 ae
997 2419 1198 2498 perfectione
1277 2411 1279 2415 ’

19 2508 21 2545 ‘³
107 2522 234 2584 dicetur
248 2516 457 2581 commodius
472 2516 507 2578 in
523 2515 701 2596 theologia.

148 2618 326 2684 Pnorosrno
342 2618 366 2682 Ι.
397 2614 568 2697 Corporum
595 2616 824 2677 mundanorum
852 2613 1008 2678 distinctio
1035 2625 1062 2680 et
1083 2619 1157 2681 ordo
1177 2638 1200 2680 a

109 2720 169 2782 Deo
190 2725 234 2781 est
243 2717 378 2780 materie
391 2724 535 2778 erectore.

149 2817 309 2881 Videlicet
323 2814 466 2880 materiae
481 2812 670 2877 distributio
686 2811 721 2874 in
737 2813 880 2875 eoelestes
905 2812 1032 2894 globos,
1051 2832 1088 2878 ac
1102 2826 1200 2881 terrae

112 2917 275 2991 formatio,
293 2916 437 2995 itemque
453 2911 536 2974 mira
551 2911 606 2973 ilfa
622 2926 732 2972 rerum
751 2909 888 2973 varietas
905 2911 1026 2992 quibus
1042 2920 1128 2976 terra
1143 2934 1200 2976 ex·

112 3023 257 3090 ornatur,
286 3031 353 3076 non
376 3010 559 3084 materiam,
588 3026 653 3071 nou
681 3026 792 3070 casum
823 3008 1006 3086 fortuitum,
1024 3011 1081 3073 sed
1108 3030 1200 3075 eum·

112 3116 186 3177 dum
199 3111 258 3193 qui
268 3110 451 3186 materiam,
464 3126 503 3170 ex
514 3105 622 3170 nihilo
637 3105 761 3181 eduxit,
778 3105 881 3169 Deum
890 3107 1073 3173 effectorem
1087 3110 1199 3176 habet.

19 3216 20 3255 ³
113 3212 226 3276 Utrum
248 3228 325 3272 vero
354 3207 544 3271 immediate
569 3215 624 3269 aut
653 3205 793 3268 mediate
822 3222 880 3287 per
900 3206 1109 3291 aliaagentia
1133 3209 1199 3273 sibi

113 3310 268 3392 subjecta,
297 3311 382 3373 Deus
409 3306 687 3389 hucperfecerit,
711 3305 811 3369 modo
833 3323 899 3370 non
922 3308 1114 3388 querimus.
1145 3311 1204 3375 Est

114 3410 231 3471 iterum
246 3409 315 3470 haee
331 3405 511 3488 propositio
526 3414 640 3468 contra
668 3402 852 3485 epicureos,
876 3422 997 3486 eosque
1012 3424 1126 3470 omnes
1141 3410 1200 3489 qui

114 3507 257 3570 materiae
271 3503 649 3578 viribus'essentiafibus,
665 3503 715 3566 vei
735 3503 824 3566 casui
842 3502 976 3568 fortuito
994 3505 1110 3568 mundi
1127 3507 1204 3588 opi·

115 3605 226 3668 ficium
241 3604 435 3683 attribuunt.

138 3703 228 3769 298.
252 3702 414 3766 Probatur
439 3699 624 3782 propositio
652 3700 684 3761 κ’
713 3699 807 3762 Deus
825 3718 901 3763 eum
931 3700 971 3762 sif
1003 3699 1206 3781 intelligens,

118 3820 226 3866 creare
239 3800 409 3865 materiam
424 3817 490 3862 non
507 3798 625 3879 potuit,
644 3799 708 3861 nisi
723 3801 755 3862 in
771 3798 915 3880 aliquem
932 3799 1028 3862 finem
1040 3817 1050 3877 ;
1064 3818 1204 3881 operum

119 3911 224 3965 autem
249 3899 307 3966 Dei
338 3898 394 3962 hie
419 3916 505 3960 unus
521 3897 596 3960 finis
611 3915 681 3961 esse
697 3907 813 3979 potest,
830 3907 866 3964 ut
884 3897 953 3977 ejus
969 3897 1205 3978 perfectionem

121 4017 157 4062 ac
167 4000 348 4079 bonitatem
370 3996 590 4060 manifestent.
612 3995 675 4059 Sed
706 3996 795 4058 iners
820 4003 1004 4058 atomorum
1032 4013 1149 4072 massa,
1176 3996 1205 4058 si

265 4112 475 4164 lusmrdrronm,
496 4111 555 4154 E'l'c.
577 4110 605 4150 11.
1012 4110 1057 4154 ,to
