2792 4600
478 313 564 359 uam
586 312 706 374 000100,
730 313 821 374 carun
843 314 888 361 m.
1166 300 1251 380 nat·

135 446 214 490 nam
235 428 345 508 potius
367 428 477 491 multae
496 429 658 493 realitates
680 448 717 491 ac
737 429 839 492 multa
858 430 1024 513 principia
1045 441 1141 495 erunt
1170 452 1227 497 ex·

136 526 299 590 tensionis
319 527 457 592 radices.
482 526 618 589 Demum
645 545 790 608 quaeram
808 528 949 600 iterum:
966 548 1171 613 unaquaeque
1186 551 1229 595 ex

53 683 58 697 ,
111 683 116 688 .
137 624 191 685 liis
207 624 409 687 realitatibus
425 633 514 687 estne
527 642 591 686 una
603 643 644 686 an
660 624 905 704 multiplex‘lEt
921 628 982 689 hoc
995 638 1089 707 paeto
1105 630 1231 694 redibit

136 724 277 804 quoestio
294 723 326 785 in
343 722 522 798 infinitum,
540 742 713 804 quousque
729 722 870 799 fatearis,
891 725 1084 803 realitatem,
1102 748 1140 791 ex
1161 748 1228 811 qua

135 821 284 884 dimanat
312 811 470 893 extensio,
492 814 589 883 unam
621 841 702 883 esse.
728 820 885 883 Caeterum
908 824 949 885 ad
971 825 1034 886 hoc
1057 825 1226 891 fatendum

137 921 185 986 val
210 919 293 983 illud
318 938 413 1000 npsse
442 918 584 984 suflicit:
614 921 820 983 multitudini
852 924 1010 985 unitatem
1040 927 1227 990 necessario

135 1023 266 1103 praeire'.
279 1021 371 1106 Quod
385 1024 411 1083 si
426 1040 490 1084 una
506 1032 565 1099 est,
583 1032 643 1085 stat
660 1024 802 1102 primum
818 1034 1057 1104 argumentum.
1248 1099 1252 1103 ¹

177 1122 205 1197 111
225 1123 360 1195 Rursus,
385 1121 514 1186 realitas
537 1120 593 1182 illa
615 1121 765 1201 simplex,
793 1140 894 1202 aqua
917 1122 965 1183 vis
987 1123 1222 1203 progerminat,

133 1220 294 1300 quoniam
317 1217 420 1281 lorma
442 1218 665 1281 substantialis
687 1238 756 1280 csse
777 1218 910 1296 dicitur,
932 1221 1045 1299 procul
1069 1221 1171 1284 dubio
1187 1241 1227 1285 ex

136 1320 273 1383 materie
294 1320 468 1405 educitur3
498 1337 616 1399 nempe
635 1340 672 1381 ex
696 1320 840 1381 realitate
859 1340 931 1400 quae
956 1332 1003 1384 est
1023 1322 1226 1386 extensionis

40 1417 44 1422 ’
136 1418 241 1481 radix.
270 1418 302 1482 Si
325 1418 424 1498 igitur
442 1436 480 1480 ex
498 1418 644 1481 realitate
672 1419 732 1479 hac
752 1418 845 1480 educi
876 1428 979 1498 potest
1008 1420 1135 1482 realitas
1166 1421 1223 1484 illa

133 1517 277 1596 simplex
292 1526 322 1580 et
335 1515 486 1590 indivisa,
504 1534 563 1578 cur
583 1534 648 1578 non
666 1517 764 1577 etiam
786 1517 958 1579 resistendi
980 1518 1053 1579 vis‘.l
1075 1517 1159 1597 Ergo
1183 1520 1224 1581 ab

133 1616 251 1678 eadem
266 1614 422 1690 realitate,
438 1631 510 1695 quaa
526 1622 574 1676 est
591 1612 792 1676 extensionis
814 1613 918 1688 radix,
940 1614 1019 1675 oriri
1042 1624 1147 1694 potest
1169 1635 1221 1680 re·

133 1714 274 1777 sistendi
289 1713 348 1777 vis.

177 1814 223 1876 Ex
236 1812 287 1872 his
303 1810 449 1891 colliges,
464 1809 497 1871 in
514 1818 706 1889 argumento
723 1825 821 1888 supra
836 1795 989 1889 opposito
1008 1807 1081 1887 (90),
1104 1813 1225 1876 omissa

133 1909 266 1999 maioni,
281 1909 462 1990 negandam
478 1926 548 1971 esso
563 1907 739 1981 minorem,
754 1925 828 1968 cum
846 1905 886 1968 iis
901 1925 973 1987 quae
986 1920 1180 1989 sequuntur.

569 2073 733 2121 ttt'ttcutus
755 2072 790 2119 11.

324 2188 510 2265 Quaestione
532 2200 705 2250 atomorum
727 2186 1035 2300 assentiorpsoluitur.

175 2307 226 2371 96.
251 2305 389 2369 Difficile
406 2323 494 2368 nunc
516 2321 582 2367 non
599 2305 661 2366 erit
675 2312 826 2365 statuere.
845 2303 926 2382 quid
942 2303 982 2365 de
1005 2304 1130 2366 ultimis
1146 2322 1220 2369 cor-

134 2422 256 2484 porum
272 2403 453 2479 elemeutis‚
469 2421 505 2464 ac
520 2400 560 2463 de
579 2412 764 2464 atomorum
785 2401 924 2462 essentia
947 2402 1148 2464 censendum
1166 2405 1220 2468 sit.

136 2501 352 2567 Probavimus
374 2500 482 2578 initio,
506 2488 715 2563 atomismum
734 2499 913 2561 chiminum
933 2500 1041 2562 omnis
1059 2499 1155 2580 hujus
1170 2501 1222 2563 ui-

134 2602 333 2682 sputationis
350 2601 599 2664 fundamentum
612 2619 681 2661 esse
697 2599 827 2662 dehere.
842 2598 949 2662 Atomi
967 2618 1078 2681 porro,
1093 2600 1126 2662 in
1147 2603 1222 2682 qui·

135 2701 197 2763 bus
213 2699 337 2762 chimia
353 2700 450 2778 sistit,
464 2708 540 2762 suut
555 2700 653 2778 atomi
668 2696 923 2759 substantiarum
939 2698 1141 2777 simplicium
1159 2718 1167 2773 ;
1185 2718 1223 2762 ac

135 2799 231 2863 facilc
244 2798 427 2880 largiuntur
439 2797 585 2873 chimici,
600 2797 796 2859 substantias
809 2813 881 2856 vere
893 2796 1141 2876 simplicesessa
1154 2797 1221 2861 101·-
1266 2830 1268 2835 v

135 2914 219 2962 tasse
238 2898 342 2962 multo
371 2899 540 2978 pauciores
564 2897 616 2965 iis,
635 2915 707 2976 quae
731 2897 828 2958 modo
850 2904 1073 2959 recensentur.
1098 2897 1142 2958 110
1170 2899 1222 2962 his

134 2997 437 3080 atomisprimitivis
446 2995 684 3079 quaerehamus,
694 3013 735 3056 an
748 2994 862 3056 ultima
871 3011 1046 3074 corporum
1061 2996 1223 3060 elementa

133 3109 255 3173 essent,
266 3117 305 3160 an
314 3116 389 3161 vero
402 3116 440 3159 ex
448 3096 521 3157 aliis
534 3094 704 3157 elementis
716 3103 912 3156 constarent.
923 3093 1030 3155 Atomi
1041 3094 1129 3155 euim
1146 3106 1225 3158 sunt

135 3196 333 3277 corpuscula
353 3196 467 3258 saltem
490 3205 597 3256 menta
616 3191 819 3266 divisibilia;
851 3201 990 3253 crtensae
1013 3192 1102 3252 enim
1132 3203 1223 3257 sunt.

135 3297 205 3359 lam
220 3307 292 3375 pos't
304 3313 341 3357 ea
353 3313 425 3376 quae
439 3294 609 3374 hucusque
622 3291 850 3365 disseruimus,
861 3289 956 3350 facile
968 3290 1077 3370 colligi
1089 3291 1220 3370 poterit,

136 3395 219 3476 quid
233 3393 266 3456 in
282 3392 448 3474 proposita
463 3391 644 3471 quaestione
656 3381 865 3450 sentiendum
879 3388 932 3450 sit.

176 3492 229 3556 97.
253 3493 432 3554 Psorosmo
448 3489 500 3551 Vl.
527 3486 640 3550 Ultima
660 3504 823 3566 corporum
842 3484 985 3545 elementa
1006 3491 1078 3563 sont
1098 3481 1223 3562 otomi5

135 3610 241 3671 nempe
257 3589 434 3652 1011100110
451 3587 625 3650 extensione
647 3584 839 3666 peometrico,
862 3584 937 3646 atui
961 3585 1119 3645 resistendi
1139 3604 1222 3665 proe·

136 3692 218 3753 ditae.

178 3788 339 3850 Probatur
354 3804 392 3846 ex
404 3783 511 3847 dictis.
528 3781 608 3844 Nam
625 3782 723 3845 atomi
737 3779 992 3843 substantiarum
1009 3797 1082 3840 vere
1094 3778 1225 3862 simpli·

136 3889 224 3950 cium
234 3886 371 3967 vel-sunt
386 3883 575 3964 compositae
587 3901 624 3944 er
638 3881 808 3942 elementis
824 3898 858 3940 re
873 3878 1046 3951 distinctis,
1064 3878 1112 3939 vel
1128 3898 1223 3958 pror·

137 4006 192 4050 sus
213 3983 452 4066 incompositae.
473 3982 507 4047 Si
529 3992 605 4044 sunt
620 3979 823 4060 compositae,
836 3977 886 4039 vel
902 3986 1051 4040 constant
1070 3996 1110 4041 cx
1131 3980 1222 4044 binis

1034 4076 1069 4117 tr.
