2792 4600
482 312 567 389 ursan
589 314 709 370 narnus,
734 313 825 361 ctrur
848 317 875 360 v.
904 335 908 339 ,
1180 303 1220 362 57

127 421 373 507 idearum,quae
386 424 421 489 in
437 437 545 490 mente
557 427 666 491 divina
678 440 765 504 sunt,
775 431 1215 512 adamussimassequuntur.

126 519 254 584 Eodem
280 522 379 585 modo
395 541 447 584 res
462 523 660 599 artificiales,
679 545 751 607 quae
767 546 784 586 a
800 530 916 590 creatis
934 528 1105 609 agentibus
1121 529 1216 605 fiunt,

125 619 386 703 vcraepdicuntur
398 637 457 701 per
480 625 759 701 comparationem
777 626 817 686 ad
833 625 1038 689 intellectum
1067 626 1216 701 artificis,

126 717 155 779 si
169 727 431 801 praeccnccptam
447 719 487 781 ab
503 720 562 784 iilo
575 722 682 790 ideam
700 735 807 787 exacte
823 725 977 788 referant.

168 838 232 900 Pcr
245 835 396 899 accidens
408 845 514 901 autem
527 843 559 900 et
573 840 754 905 secuudum
767 840 847 920 quid
861 843 959 903 rebus
968 840 1085 904 veritas
1100 841 1219 904 tribui·

126 944 181 997 tur
196 936 232 997 iu
257 934 376 997 ordine
390 934 430 997 ad
447 935 650 1001 intelicctum
674 955 770 1018 aquo
788 955 854 1001 uon
884 939 1081 1018 dependent,
1113 958 1216 1018 quum

124 1042 204 1094 sunt
220 1032 254 1094 id
270 1032 358 1112 quod
375 1040 531 1112 putantur
545 1035 592 1097 vel
608 1034 764 1097 dicuntur
777 1053 862 1111 esse;
880 1054 937 1099 scu
965 1055 1067 1115 quum
1095 1037 1218 1099 habent

124 1130 295 1197 entitatcru
303 1130 507 1195 conformem
525 1132 574 1195 itti
591 1131 725 1196 idcaead
739 1150 838 1212 quam
851 1133 1048 1198 referuntur.
1061 1135 1115 1211 Sic
1131 1136 1215 1198 dici·
1250 1205 1252 1209 ,

123 1237 181 1292 tur
193 1230 312 1295 amicus
326 1247 415 1295 uerus
432 1230 489 1293 ille
504 1231 560 1310 qui
579 1230 677 1294 habet
700 1249 815 1294 omnes
843 1233 1070 1312 proprietates,
1088 1252 1161 1313 quac
1178 1234 1213 1296 in
1294 1227 1299 1236 '

125 1326 203 1391 idea
228 1328 285 1391 tali
306 1327 442 1398 nomine
466 1346 617 1408 expressa
646 1329 872 1392 continentur.
894 1328 1053 1391 Videlicet
1081 1330 1159 1392 hinc
1180 1340 1214 1392 tu

123 1424 316 1486 consideras
341 1444 377 1487 ea
403 1444 476 1506 quae
503 1426 708 1489 constituunt
738 1426 835 1489 amici
864 1427 982 1500 ideam,
1000 1427 1077 1488 inde
1107 1445 1215 1489 mores

18 1587 21 1593 ,
122 1530 283 1606 actusque
299 1523 442 1605 ejusqui
458 1524 555 1586 amici
568 1524 763 1606 opinionem
780 1525 821 1586 de
834 1543 868 1586 sc
883 1525 1003 1605 gignit:
1014 1543 1052 1587 ac
1067 1526 1094 1587 si
1112 1525 1161 1587 illi
1179 1526 1212 1587 hi

124 1632 320 1703 congruant,
338 1642 413 1686 eum
430 1625 619 1688 conscium
636 1624 734 1686 amici
756 1625 900 1705 speciem
932 1623 1132 1705 praeseicrre,
1157 1623 1214 1685 sed

125 1740 240 1784 verum
253 1708 396 1785 amicum
412 1742 481 1786 csse
497 1724 623 1788 statuis.

170 1841 180 1863 *
199 1839 268 1902 115.
287 1838 446 1902 Notanda.
466 1841 497 1900 1⁰
512 1841 580 1902 Hoc
594 1840 696 1903 attero
714 1840 812 1902 modo
829 1857 881 1901 res
895 1857 977 1903 verae
993 1839 1212 1902 denominan-

125 1945 191 2012 tur,
210 1947 243 1999 ut
259 1938 416 2014 diximus,
431 1957 488 2018 per
503 1937 654 2001 accidens
670 1948 702 2000 et
717 1938 896 2001 secundum
907 1937 1214 2019 quidPeraccideru

21 2112 25 2117 ᾖ
126 2034 274 2115 quidem,
293 2037 370 2115 qnia
397 2053 455 2114 per
469 2037 619 2099 accidens
635 2046 683 2098 est
706 2037 793 2115 quod
810 2054 861 2098 res
877 2036 961 2098 ideis
987 2038 1108 2099 nostris
1127 2034 1213 2097 adae·

126 2142 288 2214 quantun
305 2150 372 2196 non
389 2135 477 2196 enim
495 2134 569 2196 iden
595 2152 646 2197 res
661 2134 829 2197 veritatem
845 2152 903 2214 per
919 2152 953 2195 se
966 2133 1105 2206 nabent,
1123 2130 1212 2212 quod

126 2231 210 2293 ideis
226 2233 347 2293 nostris
363 2231 587 2311 adaquantur,
605 2231 661 2293 sed
678 2231 756 2312 quia
771 2231 985 2311 adaquantur
1010 2229 1094 2291 idcis
1120 2242 1212 2291 aeter·

125 2331 191 2393 nis.
208 2330 384 2393 Secundum
398 2332 472 2411 quid
494 2341 614 2406 autem,
633 2333 711 2410 quis
727 2349 778 2393 res
796 2332 858 2392 boc
874 2342 968 2409 pacto
990 2329 1113 2392 dicitur
1138 2345 1213 2390 vcra

123 2430 307 2491 secundum
336 2428 585 2491 aestimationem
602 2444 701 2508 quam
728 2428 769 2489 de
784 2446 819 2490 se
834 2427 963 2489 inducit
988 2426 1038 2489 vel
1056 2426 1213 2488 inducere

124 2535 243 2606 potest.

137 2711 140 2718 ,
164 2642 199 2705 2⁰
209 2642 475 2721 Quotiescunque
491 2658 542 2704 res
555 2657 638 2703 verae
651 2657 668 2703 a
686 2641 783 2705 nobis
798 2640 966 2716 dicuntur,
985 2658 1067 2702 verae
1082 2657 1214 2721 semper

123 2739 281 2803 dicuutur
296 2757 355 2819 per
379 2721 720 2820 comparationem'ad
748 2739 935 2802 intellectus
963 2739 1065 2800 nostri
1096 2738 1210 2802 ideas:

123 2837 296 2899 nonenim
313 2847 447 2900 aeternas
462 2837 563 2914 ideas,
581 2837 649 2899 imo
666 2855 727 2899 nec
741 2849 923 2900 creatorum
942 2835 1104 2898 artificum
1121 2835 1212 2898 ideas

124 2934 306 2999 intuemur.

163 3052 195 3112 5ο
211 3050 311 3126 Patet,
335 3069 401 3114 non
430 3068 525 3132 posse
549 3068 609 3113 nos
635 3049 760 3132 aliquid
793 3050 903 3112 dicere
925 3067 1038 3112 verum
1063 3056 1211 3128 respectu

124 3148 264 3228 alicujus
280 3148 444 3223 ideae,nisi
458 3158 630 3229 postquam
647 3148 753 3209 ideam
765 3149 850 3222 hanc,
864 3148 941 3209 satis
957 3147 1077 3208 claram
1092 3146 1211 3207 hahea-

123 3266 208 3322 mus.
227 3247 281 3310 Sic
296 3266 397 3328 quum
415 3248 524 3328 primo
541 3264 656 3310 aurum
675 3248 750 3327 quis
765 3247 865 3321 videt,
884 3246 1000 3327 nequit
1026 3244 1082 3306 itte
1098 3244 1210 3307 decer-

87 3409 91 3417 ,
122 3364 202 3408 uere
216 3363 329 3408 verum
342 3345 425 3408 iilud
441 3364 558 3408 aurum
567 3364 648 3419 esse,
660 3346 716 3406 sed
733 3346 840 3408 solum
850 3354 1022 3425 postquam
1039 3342 1210 3423 experien-

121 3444 166 3505 tia
183 3443 344 3523 cognovit‚
362 3460 512 3523 quaenam
524 3443 590 3504 sint
604 3442 675 3505 auri
692 3443 911 3516 constitutiva,
927 3441 971 3504 ita
987 3450 1022 3504 ut
1038 3458 1153 3503 aurum
1169 3440 1210 3502 ab

123 3540 186 3602 alia
201 3541 316 3621 quavis
327 3558 362 3603 re
375 3541 549 3603 discernat.

164 3657 196 3720 d⁰
211 3660 256 3723 Ex
279 3659 330 3720 his
359 3659 487 3722 tandem
505 3657 683 3738 colligitur,
710 3676 819 3721 rerum
836 3658 1002 3721 veritatem
1020 3674 1089 3718 esse
1106 3655 1209 3736 ipsam

125 3773 236 3818 carum
252 3755 445 3830 realitatem,
462 3755 575 3818 addito
586 3766 737 3837 respectu
750 3753 790 3816 ad
803 3763 997 3835 conceptum
1014 3752 1209 3826 intellectus,

125 3871 176 3915 cur
168 3853 258 3915 'haec
274 3853 403 3916 realitas
418 3853 598 3916 conformis
612 3862 672 3916 est.
691 3853 852 3925 Quocirca
867 3871 980 3916 verum
998 3851 1038 3913 ab
1054 3860 1128 3913 ente
1144 3849 1211 3965 dii·

127 3949 187 4013 iert
198 3970 257 4033 per
268 3954 372 4015 solam
387 3951 506 4016 mentis
522 3951 832 4016 considerationem.
