2792 4600
448 361 534 408 urere
555 362 675 421 nervus,
701 362 793 410 crvuv
814 365 843 411 v.
1125 344 1186 411 283

146 475 269 557 Corpus
297 475 495 557 sphericum
532 476 611 542 dnm
648 482 683 541 in
719 480 818 560 pleno
863 488 1021 556 movetur,
1056 497 1187 571 semper

108 576 236 658 plenum
250 575 354 657 tangit
376 576 411 639 in
427 577 527 642 unico
552 585 686 659 puncto.
704 578 768 643 Sed
783 580 973 643 successivis
989 580 1079 643 hisce
1094 577 1187 642 tacti·

107 676 165 740 ltus
182 673 269 739 linea
284 671 496 742 describitur.
520 675 605 758 llrgo
627 677 718 742 linea
740 680 932 743 successivis
954 687 1080 745 constet
1101 695 1187 761 pun·

32 823 36 840 .
105 775 174 839 ctis.

142 868 264 950 llodem
284 880 378 953 pecto
394 870 527 953 probari
552 880 657 953 potest
673 884 764 939 motu
780 873 933 957 cylindri,
950 874 1086 956 plenum
1107 892 1187 939 con·

104 979 184 1032 sture
208 968 319 1046 lincis,
342 979 375 1034 et
400 978 492 1034 motu
507 970 596 1051 pleni
613 989 713 1053 super
736 973 884 1055 planum,
906 972 1049 1054 solidum
1079 971 1188 1055 plenis

103 1063 292 1143 mutescere,
382 1125 385 1128 .

140 1159 333 1245 {outttesp'
351 1164 391 1228 ad
407 1182 534 1246 argum.
551 1163 632 1231 Ditt.
648 1166 726 1248 maj.
742 1166 788 1232 lte
804 1177 838 1232 ut
851 1176 938 1233 tecto
957 1168 1056 1251 pleno
1068 1166 1103 1230 iu
1120 1183 1188 1231 uno

32 1303 34 1326 2
103 1268 233 1345 puncto,
251 1261 329 1325 dein
352 1261 506 1328 distincte
530 1271 641 1346 tanget
663 1265 699 1328 in
714 1267 828 1342 altero,
844 1285 939 1349 uep.,·
966 1274 1051 1331 tactu
1067 1263 1125 1347 qui
1140 1271 1188 1328 est

103 1379 183 1426 unus
198 1378 337 1425 numero
352 1371 384 1425 et
398 1362 588 1441 continuus,
604 1381 689 1430 conc.
705 1363 830 1431 Omitm
842 1365 921 1430 mitt.
937 1363 1010 1430 dict.
1034 1383 1118 1429 cous.
1135 1361 1188 1427 Li·

102 1475 159 1522 nee
172 1466 298 1523 constet
320 1461 512 1526 successivis
530 1463 672 1544 punctis,
696 1464 723 1525 si
741 1462 939 1527 describitur
959 1462 1099 1544 tectibus
1115 1479 1187 1525 suc·

102 1557 217 1622 cessive
233 1558 409 1635 distinctis,
421 1578 506 1624 conc.
518 1578 531 1637 ,·
541 1561 569 1623 si
585 1561 785 1625 describitur
796 1568 883 1626 tactu
895 1561 952 1643 qui
966 1570 1014 1624 est
1028 1577 1114 1624 uuus
1126 1576 1187 1623 nu·

103 1656 188 1722 ciero
203 1664 235 1720 et
250 1658 440 1733 continuus,
457 1675 546 1741 cepo.

138 1756 185 1820 tu
211 1771 283 1819 rem
305 1756 456 1820 Peresius
478 1775 578 1838 supra
600 1756 763 1821 laudatus.
790 1779 805 1816 ‹
833 1755 953 1820 Verum
981 1768 1040 1834 est,
1064 1775 1184 1838 corpus

104 1877 118 1915 r
139 1853 350 1936 sphericum,
378 1874 481 1936 quum
508 1856 612 1937 tangit
639 1857 787 1937 plenum,
805 1867 939 1937 tangere
955 1856 988 1920 in
1004 1865 1136 1938 puncta,
1153 1865 1185 1918 et

106 1976 119 2011 ι
140 1953 212 2017 ideo
228 1953 258 2017 si
273 1953 413 2018 discrete
428 1964 459 2018 et
474 1954 635 2037 disjuncte
651 1964 796 2036 tangeret
810 1954 944 2037 planum
960 1971 1062 2037 quum
1075 1972 1184 2018 move·

103 2074 119 2112 c
139 2061 189 2115 tur
213 2071 315 2135 super
331 2054 450 2135 ipsum,
477 2071 607 2135 semper
622 2062 768 2136 tangeret
795 2054 829 2117 in
859 2053 1006 2136 punctis3
1029 2054 1086 2118 sed
1106 2053 1183 2136 quie

104 2173 118 2211 r
137 2160 286 2216 movetur
306 2152 475 2229 continue,
492 2162 596 2217 tectus
621 2153 713 2228 illius
729 2165 776 2217 est
799 2172 884 2218 unus
903 2171 1042 2218 numero
1057 2163 1088 2216 et
1103 2170 1181 2217 con·

103 2253 263 2331 vtinuus,
285 2253 372 2318 idem
392 2247 488 2337 plene
511 2271 587 2320 cum
604 2261 697 2319 motu
723 2253 851 2336 ipsius:
876 2272 978 2338 quere
1003 2253 1059 2316 teli
1083 2251 1182 2316 tactui

104 2375 117 2412 ι
138 2360 169 2416 et
183 2354 288 2417 motui
302 2353 360 2435 qui
377 2353 412 2416 fit
426 2355 460 2417 in
478 2354 626 2434 longum,
637 2352 736 2416 debet
748 2353 949 2434 respondere
964 2353 998 2415 in
1011 2352 1110 2433 pleno
1124 2349 1184 2412 eli-

105 2474 118 2511 «
139 2451 217 2533 quid
230 2452 330 2517 etiem
343 2454 479 2535 longum
491 2462 523 2517 et
534 2454 729 2518 continuum
741 2462 773 2516 et
784 2451 988 2516 indivisibile
1000 2451 1183 2515 secundum

105 2548 359 2618 «latitudinem.
381 2552 450 2618 Hoc
478 2564 668 2618 autemnon
697 2562 746 2615 est
774 2561 931 2634 punctum
954 2550 1031 2632 quie
1052 2556 1183 2613 nonest

105 2672 119 2710 v
139 2650 273 2733 longum
290 2671 300 2717 ε
316 2671 424 2736 neque
440 2661 561 2734 puncta
588 2654 666 2734 quia
682 2653 752 2715 htec
767 2660 798 2714 et
824 2659 900 2714 sunt
920 2651 1034 2726 multe,
1062 2656 1094 2711 et
1115 2664 1182 2710 non

106 2770 119 2808 r
139 2766 213 2814 sunt
227 2751 387 2815 continue
400 2751 601 2832 :respondet
617 2750 717 2832 igitur
733 2749 831 2813 linea.
849 2751 954 2824 Quare
969 2749 1032 2811 tale
1047 2747 1183 2829 spheri·

84 2904 86 2909 ,
106 2866 120 2906 ι
139 2866 212 2912 cum
227 2866 298 2915 non
314 2861 463 2914 movetur
478 2868 536 2931 per
552 2859 671 2931 puncta
687 2849 744 2912 sed
762 2867 820 2930 per
831 2848 953 2910 lineam
970 2848 1020 2925 (t).
1039 2868 1054 2904 s

138 2942 276 3013 Ratione
302 2948 404 3011 simili
428 2949 533 3013 solves
557 2966 628 3030 quoe
655 2944 768 3011 addita
800 2955 877 3011 sunt
904 2945 946 3009 de
974 2944 1124 3027 cylindro
1153 2950 1185 3007 et

106 3043 209 3125 pleno.

144 3145 213 3211 167.
231 3146 293 3213 oh.
311 3142 367 3210 lli.
386 3147 418 3210 l⁰
433 3146 503 3220 Quo
520 3153 663 3227 pectore
685 3143 784 3206 hebet
806 3142 913 3206 unitos
939 3141 978 3203 ad
996 3156 1184 3214 numerum,

108 3244 358 3309 itoindivisibile
370 3243 409 3306 nd
423 3242 629 3307 continuum.
642 3240 706 3304 Sed
720 3257 878 3305 numerus
889 3237 1101 3320 componitur
1112 3235 1186 3300 uni·

106 3342 231 3407 tutibus.
255 3340 342 3424 Ergo
358 3342 553 3406 continuum
568 3346 693 3402 constat
708 3354 746 3401 er
762 3335 1035 3413 indivisibilibus,

85 3516 87 3523 y
142 3439 175 3503 2⁰
188 3440 302 3517 Serus,
315 3441 343 3503 si
356 3441 464 3503 omnis
476 3436 626 3503 continui
639 3453 714 3518 pers
726 3444 774 3499 est
785 3451 916 3515 semper
931 3436 966 3496 in
980 3433 1061 3495 alias
1078 3439 1185 3513 partes

108 3537 292 3616 divisibilis,
323 3554 527 3619 unaqueque
552 3554 627 3618 pars
653 3545 702 3599 est
728 3534 905 3599 multitudo
922 3532 1077 3614 partium.
1102 3531 1185 3594 llinc

108 3639 295 3703 continuum
311 3637 395 3702 loret
410 3632 586 3700 multitudo
602 3632 866 3708 multitudinum,
879 3632 961 3713 quin
983 3647 1129 3711 unquam
1144 3627 1184 3691 ad

108 3736 261 3800 unitatem
277 3736 356 3799 deve
383 3734 424 3797 'ri
442 3741 561 3816 posset.

145 3834 215 3901 168.
229 3835 327 3916 Resp.
415 3833 465 3898 1¹¹¹.
479 3831 556 3896 Diti.
570 3829 645 3912 maj.
660 3828 696 3893 ln
708 3828 836 3892 ratione
847 3826 949 3903 initii,
964 3844 1049 3889 conc.
1064 3844 1073 3904 ;
1088 3825 1121 3887 in
1133 3841 1186 3888 re·

110 3932 193 3997 tione
205 3930 448 4014 componentis,
460 3948 531 4011 etp.
549 3937 581 3992 et
591 3945 731 3992 coueusa
744 3926 822 3989 min.
838 3943 908 4006 nep.
924 3944 1008 3989 cons.
1024 3922 1186 3989 Numerus

136 4051 165 4106 111
179 4049 225 4109 Ορ.
241 4048 282 4096 cit.
296 4047 349 4097 nib.
360 4047 392 4096 x.
408 4058 430 4094 o.
445 4044 509 4094 xli.
