2792 4600
390 330 477 376 crura
499 329 659 389 secutione,
683 329 775 375 crrur
798 331 831 377 u.
1109 313 1172 376 335

124 451 151 527 d)
174 446 343 518 lnlinitum
358 445 391 507 in
409 444 617 528 successione
644 445 806 524 praeterita
828 427 875 508 est
898 446 1075 510 multitudo
1098 466 1172 527 quae

85 558 155 612 actu
178 545 310 619 exstitit,
333 554 364 607 et
386 543 615 608 collectionem
641 563 680 607 ex
707 556 797 625 parte
826 544 944 627 objecti
974 547 1171 628 completam

85 645 191 710 efficit.
208 644 322 710 Omnis
338 652 446 706 autem
461 642 650 723 hujusmodi
667 643 845 706 multitudo
862 653 909 707 est
925 645 957 707 in
971 646 1081 727 alique
1096 665 1170 728 spe-

21 741 23 772 ³
84 746 133 808 cie
154 742 387 816 multitudinis,
405 758 524 821 nempe
540 741 574 802 in
593 740 704 821 aliqua
723 741 832 821 specie
847 743 989 806 numeri.
1006 745 1170 808 Numerus

84 851 188 905 autem
205 839 354 902 inlicitus
369 848 417 902 est
433 837 582 900 infinitus
599 849 684 903 actu.
702 837 801 920 Ergo.

122 954 195 1020 288.
212 954 432 1019 confirmatur
444 954 553 1017 adhuc
567 971 751 1036 repugnare
767 953 1014 1017 multitudinem
1030 965 1102 1019 actu
1118 956 1170 1019 in·

83 1055 206 1118 linitam
224 1055 320 1117 etiarn
337 1054 564 1117 successivam.
581 1053 710 1117 Etenim
726 1057 756 1132 a)
773 1054 881 1135 posito
897 1053 1028 1117 inlicito
1043 1073 1172 1118 succes·
1244 1079 1247 1083 ⁴

84 1154 150 1217 sivo
166 1154 201 1216 in
214 1153 420 1217 successione
437 1153 610 1234 preterita,
628 1161 735 1235 potest
747 1152 850 1216 'illico
873 1152 985 1226 haberi
1004 1154 1171 1217 infinitum

83 1253 327 1317 simultaueum.
343 1252 424 1314 Nam
446 1261 532 1316 certe
548 1270 750 1333 unoquoque
766 1252 819 1314 die
835 1254 1054 1316 successionis
1080 1253 1173 1316 illius

83 1362 209 1435 poterat
233 1352 319 1416 Deus
346 1369 449 1415 unum
478 1351 644 1433 spiritum,
661 1369 800 1415 unamve
821 1353 892 1414 auri
910 1371 939 1415 v.
957 1370 1006 1432 gr.
1023 1362 1171 1415 atomum

82 1469 204 1527 creare,
221 1458 253 1514 et
267 1450 379 1514 omnia
394 1450 508 1518 in.hoc
523 1469 628 1532 nsque
654 1460 784 1530 tempus
806 1466 1009 1514 conservare.
1028 1450 1172 1532 Spiritus

83 1561 189 1614 autem
204 1551 254 1615 vel
267 1550 366 1614 atomi
384 1550 573 1629 hujusmodl
590 1559 697 1612 essent
713 1549 912 1632 inpraesenti
928 1550 1108 1615 multitudo
1122 1552 1172 1613 in·

84 1651 176 1714 linita
191 1651 290 1713 simul
307 1651 342 1713 in
358 1659 443 1713 actu.
858 1675 861 1682 ·

121 1767 225 1846 igitur
239 1765 266 1827 si
284 1763 373 1846 quod
389 1774 437 1827 est
453 1762 620 1826 inlinitum
635 1763 670 1825 in
686 1762 894 1826 successione
907 1763 1081 1843 praeterita,
1095 1783 1172 1847 pos·

84 1863 180 1927 sibile
195 1871 243 1926 est
259 1863 356 1925 etiem
375 1861 543 1925 inlinitum
559 1862 805 1924 simultaueum.

121 1979 149 2057 d)
174 1981 244 2044 lmo
275 1978 316 2041 ‘in
351 1976 559 2042 successione
596 1979 756 2058 praeterita
784 1961 921 2040 'infinita
957 1981 1173 2059 repugnantia

84 2077 232 2161 quedam
244 2079 418 2159 reperitur,
435 2094 508 2158 que
523 2076 558 2138 iu
575 2075 705 2139 infinito
720 2075 917 2140 simultaneo
931 2093 998 2139 non
1016 2087 1129 2140 exstat.

120 2194 205 2256 Nam
227 2194 372 2257 inomni
396 2192 605 2256 successione
632 2208 731 2256 omne
756 2209 960 2273 consequens
988 2195 1173 2257 necessario

85 2311 180 2356 suum
190 2292 287 2369 habet
298 2292 504 2358 antecedens.
514 2292 685 2374 Repugnat
697 2308 787 2372 ergo,
797 2290 832 2353 in
844 2290 954 2372 aliqua
966 2293 1172 2360 successione

22 2416 23 2419 ¹
85 2378 177 2473 plura
188 2409 259 2454 esse
271 2392 504 2473 consequentia
517 2406 614 2472 quant
628 2388 865 2453 antecedentia.
878 2388 977 2470 Atqui
992 2391 1026 2453 in
1042 2409 1171 2454 succes·

23 2554 24 2561 χ
83 2489 174 2553 sione
191 2490 319 2552 infinita
335 2490 509 2570 preterita,
523 2489 618 2570 plura
629 2496 738 2550 esseut
749 2488 984 2567 consequentia
1000 2507 1098 2570 quam
1113 2507 1173 2551 an·

83 2589 273 2651 tecedentia.
289 2588 420 2653 Etenim
434 2605 549 2650 omnes
564 2586 782 2650 successionis
803 2586 899 2667 hujus
915 2588 1047 2649 termini
1064 2597 1174 2652 essent

19 2734 24 2763 „
85 2700 321 2768 consequentes
343 2687 500 2763 alterum;
523 2687 601 2767 quia
629 2686 741 2749 nullus
769 2696 817 2748 cst
842 2686 1004 2749 terminus
1031 2689 1171 2768 primus,

19 2790 24 2837 l
86 2786 137 2866 qui
153 2785 197 2848 sit
207 2784 403 2848 antecedens
414 2796 446 2846 et
458 2802 524 2848 non
537 2801 761 2865 consequens:
772 2785 907 2848 ultimus
923 2804 998 2849 vero
1010 2788 1172 2850 terminus

85 2894 166 2947 esset
182 2886 252 2967 ipse
268 2903 401 2966 quoque
415 2901 634 2965 consequens,
649 2893 683 2947 ut
697 2884 819 2960 caeteri,
829 2883 886 2946 sed
899 2902 966 2947 non
981 2899 1065 2948 esset
1079 2885 1170 2949 ante·
1198 2878 1200 2883 ’
1225 2948 1227 2955 1

19 2966 24 3055 s
86 2984 214 3061 cedens,
232 2984 309 3066 quia
326 2983 438 3047 nullus
453 2983 537 3046 alius
553 2984 713 3046 terminus
729 2982 838 3064 ipsum
853 2984 1077 3066 subsequitur.
1085 2986 1172 3065 Ergo

86 3098 195 3147 revera
206 3084 241 3146 in
254 3084 315 3145 hac
323 3080 531 3146 successione
546 3083 678 3145 termini
692 3093 928 3164 consequentes
942 3085 1052 3165 plures
1065 3093 1172 3148 essent

21 3162 26 3221 Ῐ·
86 3198 181 3273 quam
196 3182 437 3247 antecedentes.

21 3344 22 3357 ,
124 3296 196 3362 289.
220 3298 397 3378 Arguimus
412 3298 446 3362 Ψ
460 3297 496 3360 st
512 3296 656 3360 mundus
676 3314 807 3378 semper
822 3297 947 3375 luisset,
963 3298 1083 3362 infiniti
1099 3301 1172 3364 dies

86 3395 347 3476 pertransissent,
357 3395 486 3459 infinita
496 3395 624 3460 dierum
635 3398 737 3459 series
749 3394 834 3460 loret
844 3398 1010 3460 exhaustu.
1019 3398 1084 3461 Sed
1096 3400 1172 3462 inll-

21 3574 26 3585 ·
85 3494 189 3557 nitunt
218 3512 280 3558 nec
306 3496 500 3575 pertransiri
528 3513 588 3558 nec
612 3496 782 3559 exhauriri
799 3504 903 3578 potest
918 3495 967 3575 (0.
983 3496 1056 3576 549,
1074 3498 1100 3574 1,
1116 3498 1169 3579 ll).

86 3594 182 3677 Ergo.

124 3708 194 3775 290.
219 3708 437 3774 confirmatur
459 3720 701 3791 argumentum.
732 3713 764 3788 o)
791 3708 929 3791 Concipi
957 3713 1083 3794 nequit,
1104 3732 1172 3796 quo

85 3817 176 3888 pacto
191 3808 261 3870 hec
276 3806 405 3870 dierum
421 3808 523 3871 series
538 3807 621 3871 sicut
638 3808 816 3871 terminum
833 3808 931 3871 habet
945 3829 965 3872 c
980 3821 1068 3892 purte
1088 3822 1171 3893 post,

86 3905 129 3968 ita
141 3906 318 3970 terminum
334 3924 467 3987 quoque
482 3924 549 3971 non
566 3907 682 3977 habeat
695 3913 813 3989 aparte
823 3916 905 3972 ante.
917 3907 1032 3986 «Nam,
1047 3910 1171 3974 itaccr-

87 4025 103 4063 ι
126 4004 244 4069 dinalis
258 4004 404 4083 l'oletns,
420 4005 507 4070 istud
530 4013 659 4088 tempus
688 4014 721 4070 et
749 4005 819 4068 dies
835 4023 860 4069 a
874 4006 941 4070 Deo
970 4007 1053 4071 lecta
1080 4017 1169 4076 sunt.
