2792 4600
474 370 560 416 crana
581 370 702 429 antuus,
727 371 820 419 carus
844 375 864 420 t.
888 397 893 421 2
1151 360 1209 422 att

120 485 150 548 vi
167 484 380 559 amantionis,
398 503 495 566 quam
513 485 627 548 dicunt
644 486 888 553 molecuiarem.
913 488 990 562 Quae
1005 492 1154 555 attractio
1169 492 1210 554 ab

121 584 297 649 universali
331 584 525 648 attractione
556 585 788 668 distinguenda
821 586 961 663 videtur,
985 597 1102 653 ettam
1126 592 1212 655 inter
1256 622 1260 629 ·

119 683 299 748 moleculas
322 684 539 764 homogeneas
567 684 779 764 integrantes,
804 704 903 766 quant
927 689 1012 749 inter
1033 689 1212 752 molecuias

119 780 347 845 constitutivas
358 781 456 862 viget.
474 782 583 845 Prima
608 782 730 846 dicitur
756 784 912 859 cohaesio,
930 785 1061 866 ipsique
1074 786 1211 848 debetur

119 895 295 961 corporum
316 896 499 960 compages,
523 880 622 942 altera
643 878 830 964 appellatur
851 881 1001 958 affinitas,
1024 891 1056 945 et
1076 884 1118 945 ab
1140 884 1211 965 ipsa

113 977 273 1042 oriuntur
296 977 586 1058 heterogenearum
609 979 846 1043 molocularum
869 979 1149 1059 combinationes;
1172 1002 1211 1045 ex

118 1074 302 1139 bisantem
324 1076 627 1140 combinationibus
650 1078 849 1159 integrantes
865 1079 1123 1162 compositorum
1139 1099 1211 1144 cor·
1242 1109 1244 1112 ’

121 1192 239 1258 potum
255 1174 427 1239 molooniae
443 1185 659 1255 consurgunt.

159 1271 193 1337 6ο
214 1272 496 1346 Quemadmodum
509 1274 697 1338 cohaesione
711 1274 881 1340 moieculae
895 1278 1152 1359 conjunguntur,
1167 1279 1210 1341 ita

112 1371 249 1435 celorico
264 1372 433 1438 dissociari
455 1374 782 1454 possuntilincsunt
794 1376 879 1438 inter
898 1377 1076 1439 moteculas
1088 1376 1209 1439 diversi

117 1472 315 1537 cohaesionis
344 1472 476 1553 gradus,
509 1483 606 1554 prout
634 1492 700 1537 una
727 1474 777 1537 vel
805 1475 968 1552 alteravis
985 1475 1146 1557 praevalet.
1163 1478 1210 1541 Ex

113 1571 257 1634 diversis
274 1570 364 1633 bisce
379 1572 577 1635 cohaesionis
604 1573 761 1654 gradibus
777 1573 939 1655 dependet
955 1574 1124 1638 distinctio
1140 1592 1210 1638 cor·

117 1688 236 1751 porum
254 1672 287 1732 in
302 1671 412 1740 solida,
430 1672 560 1752 liquida,
578 1672 771 1753 acriformio.

159 1769 195 1830 ’1θ
214 1765 321 1842 Quum
348 1770 546 1850 integrantes
573 1771 744 1835 molecuiae
757 1773 846 1852 juxta
862 1761 992 1833 mutuas
1007 1771 1209 1834 attractionis

76 1939 81 1940 ff
114 1867 202 1931 vires
223 1867 327 1930 libere
352 1867 482 1947 disponi
512 1879 658 1948 possunt,
686 1869 831 1932 solidum
855 1868 933 1931 inde
948 1869 1085 1948 emergit
1100 1869 1208 1932 deter-

116 1966 272 2028 minatam
290 1965 428 2027 lormam
445 1966 667 2047 polyedricam
685 1984 752 2048 prae
774 1985 808 2029 se
825 1966 943 2041 terens,
961 1984 1033 2047 quae
1050 1967 1084 2028 in
1108 1967 1208 2029 variis

1 2130 6 2150 Ι
116 2063 309 2127 substantiis
323 2065 409 2126 varia
425 2074 484 2127 est.
501 2065 614 2129 Solida
631 2065 675 2127 ita
698 2065 866 2128 efformata
881 2066 1021 2145 crystalli
1035 2065 1207 2146 appellan-

115 2173 182 2227 tur.
199 2163 433 2244 Crystallorum
455 2174 563 2226 autem
586 2166 737 2226 omnium
762 2164 877 2227 formae
893 2164 934 2234 ad
950 2182 1006 2227 sex
1021 2163 1206 2245 primitivos

114 2279 155 2327 ac
165 2260 427 2325 fundamentales
440 2271 532 2343 typos
548 2269 754 2326 revocantur.

157 2361 191 2424 8⁰
213 2361 360 2422 Chimica
376 2360 514 2422 affinitas
530 2361 616 2424 inter
638 2362 839 2425 diversarum
866 2360 1121 2424 substantiarum
1137 2367 1206 2423 ato·

114 2479 189 2525 mos
217 2479 284 2523 non
314 2468 362 2522 cst
387 2460 514 2535 eadem,
541 2459 598 2523 sed
626 2461 712 2523 iuter
739 2461 818 2522 alias
835 2461 937 2539 maior
952 2469 1011 2534 est,
1027 2456 1208 2521 interalias

115 2560 239 2635 minor,
257 2568 288 2622 et
309 2559 396 2620 inter
416 2558 574 2639 quasdam
591 2560 692 2621 nulla.
711 2558 841 2621 Eadem
857 2560 925 2620 imo
940 2556 1130 2620 substantia
1144 2554 1206 2618 sub

112 2658 255 2721 diversis
271 2657 433 2737 adjunctis
449 2659 545 2721 modo
562 2657 718 2739 majorem
737 2659 871 2720 intense
885 2656 1087 2730 affinitatem,
1105 2654 1206 2718 modo

114 2757 280 2821 minorem
297 2767 458 2820 exercent
1143 2777 1145 2779 ’
1180 2782 1184 2788 ·

158 2854 193 2918 9⁰
212 2853 317 2919 Omne
342 2873 462 2936 corpus
485 2854 707 2936 compositum
730 2873 768 2917 ex
790 2854 879 2917 binis
901 2871 1031 2934 semper
1053 2816 1207 2915 coalescit

111 2953 403 3034 componentibus,
421 2970 494 3033 quae
509 2964 586 3016 sunt
600 2953 649 3015 vel
666 2953 855 3016 substantia
869 2953 1038 3032 simplices
1052 2951 1122 3012 vel
1118 2966 1208 3021 eom·

116 3051 235 3133 posita
249 3052 372 3132 pariter
387 3071 423 3115 ex
438 3052 538 3115 binis.
556 3052 619 3115 Lex
636 3054 705 3115 baec
720 3053 842 3115 dicitur
856 3050 1143 3115 doclismicltimici.

112 3225 121 3228 -
161 3148 216 3211 11)·
237 3148 275 3211 lu
289 3144 381 3213 omni
396 3151 543 3213 obimico
557 3151 741 3230 composito
767 3150 850 3212 ratio
866 3150 952 3211 inter
974 3154 1209 3228 componentes

116 3248 234 3318 eadem
257 3257 304 3310 est
326 3266 476 3329 semper3
500 3267 530 3312 v.
561 3267 609 3330 gr.
642 3268 676 3311 m
692 3255 945 3330 quantacunque
969 3263 1060 3326 aquae
1087 3262 1205 3319 massa,

1 3376 5 3403 ι
116 3348 358 3430 hydrogeniuna
382 3366 512 3429 semper
523 3350 620 3414 estad
632 3366 828 3430 oxygonium
841 3349 928 3411 ull
944 3345 973 3409 8
992 3346 1066 3409 Haec
1081 3343 1205 3407 dicitur

119 3449 174 3511 lex
186 3447 423 3529 proportionum
436 3450 720 3512 adamianorum.

158 3546 213 3608 tt⁰
234 3545 304 3610 Una
331 3546 511 3627 eademque
534 3546 726 3617 substantia,
744 3563 810 3607 save
822 3544 973 3625 simplex
989 3561 1057 3604 save
1071 3557 1206 3622 compo

111 3645 191 3719 sita,
207 3643 352 3706 diversas
378 3642 676 3706 combinationes
669 3643 755 3706 mire
780 3660 855 3705 cum
871 3642 972 3703 altera
994 3648 1116 3721 potest;
1134 3655 1207 3720 quet

117 3757 227 3809 tamen
250 3742 516 3806 combinationes
537 3743 654 3823 exiguo
669 3760 796 3823 semper
819 3752 959 3809 numero
980 3739 1204 3802 continentur.

113 3845 154 3907 in
170 3840 363 3924 compositis
379 3849 499 3916 autem,
524 3859 598 3921 qun
621 3859 659 3904 ax
682 3840 735 3902 bis
756 3839 893 3902 diversis
907 3835 1208 3902 combinationibus

1 3956 3 4003 t
114 3952 301 4025 emergunt,
326 3950 478 4004 manente
506 3941 619 4004 eadem
641 3941 743 4003 unios
764 3941 993 4019 componentis
1015 3934 1206 4017 quantitate,

1 4100 8 4114 ,
115 4040 253 4105 alterins
283 4039 515 4121 componentis
541 4039 705 4121 quantitas
735 4039 840 4120 major
860 4044 918 4113 est,
936 4038 981 4100 ita
994 4047 1101 4119 tamen
1117 4043 1151 4097 ut
1166 4033 1208 4096 sit
