2792 4600
419 310 507 355 arnan
528 310 689 368 secundas,
713 309 804 355 curua
827 310 868 357 1v.
1133 294 1195 359 109

146 423 181 484 1⁰
195 422 229 485 Si
246 422 448 486 conveniunt
471 424 504 485 in
526 422 677 496 essentia,
696 421 850 485 identitas
866 424 988 488 dicitur
1002 426 1194 490 essentialis:

102 539 179 599 quae
195 521 330 600 quidem
347 529 452 601 potest
469 539 539 583 esse
553 520 705 601 specifica,
722 530 759 582 ut
783 527 830 582 est
847 521 933 584 Petri
951 523 1103 586 identitas
1119 542 1195 586 cam

103 616 205 680 tratre
220 637 280 682 suo
294 638 303 694 ;
317 620 365 682 vel
377 620 527 700 panarius,
547 634 582 681 ut
598 628 646 681 est
661 620 744 680 Petri
763 618 916 681 identitas
931 638 1006 683 cum
1022 640 1082 685 suo
1095 641 1192 703 equo.

144 718 180 776 ⁹2⁰
195 716 229 778 Si
248 719 342 797 plura
357 718 556 780 conveniunt
583 718 617 778 in
647 718 757 799 aliqua
779 718 947 801 qualitate,
965 737 1078 783 eorum
1100 721 1194 784 iden·

101 813 179 874 titas
196 815 320 877 dicitur
335 816 468 896 proprie
483 815 662 876 similitudo.

142 913 179 974 δ’)
195 914 228 976 si
244 915 280 975 in
298 914 488 993 quantitatis
508 915 635 974 ratione
656 913 864 990 conveniant,
884 914 951 978 haec
967 917 1195 982 convenientia

101 1008 228 1072 dicitur
243 1013 412 1093 equalitas.

144 1108 240 1171 Circa
254 1110 471 1191 aequalitatem
489 1110 558 1171 haec
574 1109 640 1171 duo
661 1111 823 1176 notanda:

142 1215 175 1284 a)
198 1206 429 1288 AEqualitatem
454 1209 621 1287 (idemque
642 1208 744 1271 dicito
771 1210 811 1269 de
828 1209 1056 1290 inaequalitate)
1073 1217 1193 1278 versari

100 1313 231 1368 tantum
249 1308 334 1370 inter
349 1307 545 1388 quantitates
563 1307 710 1385 eiusdem
726 1306 860 1387 speciei,
878 1307 1046 1371 nonintsr
1061 1314 1192 1389 quanti·

100 1413 186 1465 tates
200 1408 386 1484 specierum
410 1406 625 1467 diversarum.
645 1403 697 1465 Sic
725 1406 811 1465 linea
826 1404 932 1480 lineae,
951 1415 982 1467 et
1007 1409 1195 1487 superficies

100 1502 306 1581 superficiei,
324 1516 354 1566 et
368 1513 495 1584 tempus
513 1490 650 1581 tempori
674 1501 813 1581 aqualia
828 1520 897 1587 esse
922 1515 1069 1582 possunt.

143 1600 173 1678 b)
203 1600 487 1673 Quemadmodum
518 1601 701 1679 duplexest
724 1600 898 1679 quantitas,
927 1602 1026 1664 altera
1053 1608 1188 1685 propria

24 1694 26 1697 ’
103 1715 179 1776 quae
192 1698 228 1760 in
240 1699 429 1762 extensione
441 1698 602 1773 consistit,
617 1698 717 1759 altera
727 1699 908 1778 impropria
923 1718 994 1779 quae
1007 1703 1194 1770 continetur

105 1797 320 1873 perfectionis
344 1799 412 1859 sive
434 1796 618 1859 essentialis
643 1797 710 1857 sive
727 1795 938 1858 accidentalis
953 1800 1108 1878 gradibus
1125 1822 1134 1882 ;
1153 1805 1196 1867 ita

104 1893 273 1974 duplicem
290 1914 359 1958 esse
374 1896 604 1977 equalitatem,
620 1895 788 1975 propriam
804 1903 835 1957 et
851 1895 1091 1965 translatitiam.

540 2059 704 2105 sericatus
722 2060 755 2105 u.
927 2124 932 2133 ἡ

334 2172 350 2201 *
373 2173 415 2235 De
430 2173 586 2254 principia
602 2173 770 2239 identitatis
788 2183 969 2253 comparata

149 2285 224 2351 atu.
241 2287 449 2370 Principium
477 2287 558 2351 illud
577 2282 668 2368 :qua
690 2298 763 2350 suat
790 2287 923 2350 identica
939 2308 1010 2352 cam
1030 2311 1093 2354 aaa
1109 2296 1196 2359 tertio

104 2397 179 2447 sunt
193 2387 329 2450 identica
340 2390 420 2451 inter
438 2407 479 2463 sa,
497 2389 603 2450 vocari
629 2386 712 2449 solet
729 2386 930 2468 principium
952 2388 1143 2468 identitatis,
1161 2412 1198 2457 aa

105 2486 227 2547 melius
236 2474 372 2550 tortasse
387 2497 557 2551 vocaretur
568 2486 771 2568 principium
780 2487 950 2549 identitatis
959 2500 1153 2570 comparatae,
1162 2504 1196 2557 ut

104 2600 123 2642 a
141 2584 310 2665 principio
326 2586 385 2649 illo
401 2586 503 2649 altaro
518 2601 525 2648 :
542 2586 621 2666 quad
641 2590 684 2645 est
698 2594 752 2659 est,
770 2584 857 2663 quod
875 2588 996 2664 pariter
1018 2588 1198 2654 identitatis

104 2682 294 2760 appellatur
308 2684 382 2763 (ἳὸ),
407 2686 563 2762 distingui
594 2692 714 2762 posset.
737 2681 903 2762 Quidquid
928 2684 970 2745 sit
986 2686 1026 2748 de
1048 2690 1195 2767 nomine,

106 2780 279 2856 quomodo
298 2782 500 2864 principium
527 2782 635 2861 ipsum
657 2778 796 2860 intelligi
817 2791 849 2842 et
869 2783 987 2861 exponi
1015 2785 1199 2864 debeatur

106 2876 211 2940 utoda
226 2879 324 2941 dictis
341 2881 434 2943 facile
451 2882 604 2944 deduces.
620 2881 728 2955 Quum
745 2880 833 2941 enim
850 2879 1003 2945 identitas
1020 2885 1141 2965 duplex
1156 2890 1198 2952 sit

107 2989 140 3036 et
152 2978 251 3040 realis
264 2990 295 3042 et
307 2981 423 3062 logica,
438 2993 502 3044 tarn
517 2982 557 3044 de
571 2998 634 3043 una
646 2997 745 3060 quam
758 2979 798 3041 de
811 2979 912 3042 altera
923 2991 1029 3062 potest
1041 2985 1194 3069 intelligi.

151 3083 186 3144 Si
210 3082 412 3162 intelligatur
427 3082 468 3144 de
491 3082 660 3144 identitate
682 3079 774 3152 reali,
802 3097 917 3142 sensus
939 3082 1001 3144 erit
1017 3083 1100 3161 (til,
1126 3086 1167 3163 1⁰)
1186 3106 1193 3152 :

106 3200 156 3242 res
181 3199 247 3261 qaae
259 3191 333 3245 suat
356 3183 495 3245 identioae
521 3199 590 3242 aum
605 3179 695 3242 tertia
720 3180 885 3240 secundam
905 3198 1003 3243 unam
1023 3189 1221 3264 conceptam

107 3299 310 3357 commanent,
334 3293 406 3344 suat
420 3281 557 3342 identicoe
582 3283 661 3341 inter
676 3298 706 3338 sa
723 3278 886 3339 secundam
908 3281 991 3341 duna
1005 3281 1105 3362 ipsum
1123 3303 1197 3347 aon-

108 3391 231 3458 ceptam
246 3407 254 3441 ;
271 3399 301 3442 v.
318 3397 364 3459 gr.
383 3381 410 3442 si
426 3371 627 3457 triangulum
643 3380 669 3438 Α
688 3378 841 3439 convenit
856 3380 1036 3440 secundum
1049 3382 1196 3444 altitudi-

109 3496 191 3540 nem
206 3498 278 3541 eunt
295 3478 600 3560 parallelogramma
617 3478 652 3549 B,
671 3475 815 3555 itemque
831 3474 1030 3554 triangulum
1046 3479 1197 3542 Csecun·

110 3578 195 3638 dnm
216 3564 423 3639 altitudinem
445 3592 519 3637 cum
542 3575 600 3636 iilo
622 3572 786 3646 convenit,
811 3572 877 3635 duo
897 3574 1102 3653 triangulati
1127 3589 1158 3640 et
1174 3583 1202 3660 C,

110 3676 320 3739 altitudinem
337 3677 459 3737 habent
474 3691 694 3736 comrnunem.

158 3775 191 3837 Si
209 3775 407 3852 intelligatur
422 3772 463 3834 de
475 3760 644 3833 identitate
662 3772 776 3850 logica,
793 3786 906 3830 sensus
923 3767 984 3830 erit
1001 3778 1036 3830 ut
1051 3771 1084 3831 in
1102 3777 1197 3841 tertio

113 3874 230 3953 logicat
244 3873 329 3936 libro
349 3871 545 3951 explicatum
572 3881 620 3931 est
636 3871 683 3942 (t.
703 3869 778 3944 stt,
795 3868 838 3946 2⁰)
858 3885 865 3927 :
882 3875 1041 3946 conceptus
1060 3874 1113 3949 qai
1127 3886 1199 3939 sant

111 3971 239 4034 identici
262 3990 331 4034 aum
351 3970 440 4033 tertia
454 3968 621 4031 secuudum
644 3968 800 4047 objectam,
828 3973 899 4027 sant
923 3965 1048 4026 identiai
1071 3968 1151 4030 inter
1170 3991 1199 4032 se
