2792 4600
373 376 462 423 ussa
482 377 645 437 saturnus,
668 379 761 426 aanor
783 381 815 426 u.
883 409 887 416 .
1112 365 1152 430 93
1266 447 1270 452 .

77 491 298 572 disponuntur.
330 490 398 554 lloc
413 492 515 573 igitur
541 511 639 556 sensu
653 505 807 575 acceptus
822 495 954 559 habitus
970 496 1125 561 definitur
1140 517 1150 562 ε

76 588 197 673 quatita·
217 607 257 651 ee
276 608 307 651 ee
327 590 446 653 statilia
460 592 495 655 in
508 593 649 673 sabjecta,
664 614 720 675 per
733 613 764 656 ae
776 594 878 675 priano
888 596 1034 660 ordinata
1048 598 1090 660 ad
1102 599 1121 676 f
1138 633 1151 645 ·

77 686 189 754 cttltdis
202 688 411 767 operationem
438 691 652 771 adjuvandam
663 711 702 755 aa
714 693 834 773 {aciem
855 694 1048 760 reddendam.
1065 696 1151 759 Defl-

76 785 149 849 nitio
163 794 195 848 et
208 803 248 846 ex
263 784 361 848 dictis
375 786 463 849 clara
488 796 582 850 estet
604 808 642 851 ex
658 790 808 853 dicendis
824 792 1085 872 insequentibus
1099 811 1151 856 as-

76 881 263 949 sertionibus
277 884 380 964 magis
396 884 628 951 illustrabitur.

110 996 174 1061 185.
190 996 339 1062 Assenrto
358 1000 383 1062 l.
415 998 490 1063 Erre
514 1001 690 1083 najnrrnodi
718 1004 839 1068 liabitas
863 1006 1055 1086 experientia
1080 1007 1150 1088 ipra

75 1103 176 1161 manat
186 1102 253 1160 tan
267 1098 390 1161 interna
404 1107 470 1162 tana
479 1109 620 1164 aeterna.
638 1104 770 1167 Constat
782 1105 871 1166 enim
884 1111 974 1168 ectus
989 1105 1149 1185 quosdam

77 1193 181 1274 sepius
195 1191 394 1259 instauratos
403 1196 591 1278 relinquere
601 1199 635 1261 in
648 1199 758 1263 anima
766 1203 963 1282 pronitatem
972 1202 1148 1283 quamdam

76 1291 318 1374 facilitatemque
330 1301 362 1356 et
373 1293 466 1375 quasi
484 1295 665 1376 impulsum
681 1298 857 1378 quemdam
874 1299 914 1361 ad
930 1300 1148 1381 operandum;

75 1410 134 1471 quae
148 1390 299 1468 facilitas,
318 1393 410 1473 quasi
441 1411 523 1457 nova
552 1395 702 1475 quaedam
730 1396 875 1473 facultas,
894 1398 927 1460 in
941 1399 1011 1479 ipse
1026 1406 1146 1475 manet,

75 1488 185 1553 etiamsi
214 1489 257 1551 ab
287 1490 415 1553 actibus
430 1502 544 1556 cesset.
561 1492 607 1557 Ex
636 1514 700 1575 qua
726 1494 763 1557 fit
778 1505 813 1558 ut
828 1496 1035 1578 operationes
1050 1495 1148 1559 etiam

75 1586 275 1663 difficillimae,
285 1608 435 1671 quaeque,
445 1609 520 1654 cum
537 1610 688 1673 magnam
706 1593 901 1656 industriam
918 1594 1147 1656 attentionem·

76 1704 127 1767 que
137 1684 174 1747 ad
184 1685 279 1765 plura
288 1687 470 1768 requirant,
481 1690 641 1770 prolixam
651 1692 1147 1772 satlstemporismoremprimo

77 1785 279 1865 expostulant,
288 1784 410 1849 deinde
422 1787 581 1850 citissime
593 1797 625 1851 et
633 1789 874 1870 propemodum
882 1788 954 1853 sine
967 1789 1034 1853 ulla
1045 1798 1148 1853 atten-

76 1885 150 1948 tione
176 1892 407 1962 exerceantur;
426 1896 461 1948 ut
485 1886 596 1950 videre
621 1897 669 1950 ost
685 1905 715 1950 v.
733 1904 781 1968 gr.
797 1887 831 1949 in
849 1887 890 1950 iis
906 1888 962 1969 qui
978 1887 1145 1968 cytharam

76 1982 188 2063 pnlsent
203 1982 254 2044 vel
272 1983 422 2048 scribunt
436 1985 486 2048 vel
499 1986 622 2066 legunt.

108 2095 170 2159 tat.
198 2096 349 2161 sesanna
365 2100 404 2163 ll.
432 2097 606 2182 Snljeatnrn
632 2100 813 2183 proximum
840 2099 1014 2175 ialitnam,
1038 2099 1144 2161 andern

27 2212 28 2215 ’
74 2195 210 2257 inordina
235 2180 388 2272 natarali,
401 2197 437 2259 de
452 2199 507 2259 iioc
520 2199 602 2261 caim
617 2199 784 2279 loquimar,
798 2205 871 2260 rnnt
890 2199 967 2260 entis
986 2196 1142 2278 potentia.

27 2315 28 2328 ¹
74 2290 118 2356 Est
131 2291 212 2356 enim
231 2294 365 2357 habitus
382 2293 539 2377 perfectio
556 2296 717 2379 quaedam,
735 2315 799 2377 que
813 2293 1014 2377 principium
1027 2313 1143 2376 opera·

74 2391 158 2456 tionis
184 2394 373 2473 proximum
404 2392 602 2458 informatur
630 2406 727 2476 atque
757 2396 935 2459 inclinatur
961 2396 1000 2457 ad
1021 2405 1140 2459 actum.

75 2490 263 2572 Principium
280 2501 387 2554 autem
404 2492 606 2572 operationis
622 2492 810 2573 proximum
826 2500 901 2555 sunt
914 2492 1079 2574 potentiae.

107 2622 170 2688 itt.
186 2625 338 2688 Asssnrto
359 2622 413 2687 lll.
430 2621 501 2685 Non
517 2631 619 2686 tamen
634 2626 736 2686 ornnia
759 2625 895 2705 potentia
920 2624 1081 2686 daditnnm
1101 2630 1144 2685 eat

74 2741 170 2804 napae,
191 2723 318 2785 sedilia
331 2725 430 2786 toturn
444 2743 509 2804 qna
530 2742 594 2786 non
615 2732 688 2787 sant
702 2734 818 2788 natura
834 2743 892 2787 aaa
903 2723 944 2785 ad
959 2740 1059 2786 nnana
1071 2728 1143 2784 tan-

76 2822 209 2884 tumnodo
231 2833 336 2884 actam
356 2822 571 2896 determinata,
596 2824 646 2885 sed
666 2823 811 2903 piarilns
831 2820 927 2883 modis
947 2818 1145 2883 determinari

28 2975 29 2994 ,
74 2927 194 2998 ponam,
210 2930 301 3002 atque
315 2920 501 3007 addicerem
516 2925 603 2983 actas
617 2931 690 2983 eant
712 2918 928 3002 indifferenter.
947 2916 1143 2999 Huiusmodi

28 3003 29 3022 ¹
76 3032 199 3099 namque
211 3018 535 3099 potentiae,cntnsint
550 3019 590 3081 ad
604 3018 749 3099 singulas
764 3029 895 3082 actuum
909 3015 1033 3098 speeies
1050 3013 1144 3077 inde·

28 3135 30 3180 2
78 3115 251 3191 terminatae,
259 3133 393 3196 capaces
406 3114 659 3179 suntulterioris
671 3116 763 3178 illius
778 3113 1145 3193 determinationisquae

79 3212 243 3278 abactibus
273 3215 483 3300 relinquitur,
501 3234 640 3296 quaeque
667 3214 883 3277 inclinatione
895 3232 932 3275 ac
946 3210 1145 3294 promptitu-

80 3312 143 3375 dine
155 3313 194 3375 ad
210 3312 356 3393 ejusdem
383 3312 513 3392 generis
542 3325 632 3376 actus
649 3311 879 3374 instaurandos
894 3310 1092 3374 continetur.
1108 3306 1145 3370 ld

79 3411 151 3492 quod
167 3411 336 3474 manifeste
352 3410 551 3491 perspicitur
567 3410 600 3473 in
617 3412 761 3474 humana
773 3408 948 3474 voluntate.

110 3526 170 3590 illae
183 3545 259 3591 vero
285 3529 451 3608 potentiae,
483 3545 564 3608 quas
579 3536 695 3590 natura
725 3527 795 3607 ipse
821 3525 861 3587 ad
877 3537 999 3589 cortem
1013 3532 1145 3590 actuum

79 3625 204 3705 speciem
220 3626 427 3700 determinat,
459 3625 569 3688 omnis
596 3626 694 3706 piene
721 3624 851 3687 habitus
866 3632 944 3686 aunt
961 3623 1143 3703 incapaces.

78 3722 154 3787 Nihil
169 3725 254 3788 enim
271 3735 320 3788 est
334 3725 423 3806 quod
434 3727 472 3789 ad
482 3724 643 3805 ejasmodi
660 3724 967 3787 determinationem
982 3721 1059 3783 addi
1073 3739 1147 3802 pos·

29 3881 30 3902 ,
81 3822 124 3898 tit,
139 3843 200 3904 quo
215 3824 343 3888 facilior
354 3844 392 3888 ac
405 3825 591 3906 promptior
605 3825 759 3905 potentiae
774 3822 813 3885 ad
830 3821 991 3903 agendum
1009 3820 1148 3882 inclina·

29 3915 30 3988 J
83 3919 192 3985 tioflat.
222 3922 303 3985 Nam
317 3924 348 3984 vi
374 3923 661 3988 determinationis
691 3922 782 3985 illius
809 3919 953 4002 potentia
982 3917 1093 4000 prodit
1112 3917 1147 3980 in

30 4093 31 4102 χ
82 4031 172 4085 actum
199 4023 338 4087 naturali
369 4023 563 4087 necessitate
580 4038 588 4087 ε
603 4021 695 4086 nulla
722 4028 831 4085 autem
860 4016 1031 4083 inclinatio
1046 4017 1151 4097 major
