2792 4600
205 335 268 400 286
641 351 837 401 cosuouoata.

205 465 591 547 cesstvtsaceeptioninus
599 467 766 532 exhauriri
777 472 903 549 posset;
918 462 951 526 id
960 461 1048 544 quod
1058 461 1195 525 infinite
1208 459 1301 523 mul-

204 563 357 630 titudinis
371 565 555 646 proprium,
564 566 592 630 si
605 566 787 631 eaesistere
799 572 920 648 posset,
934 561 1120 627 existimare
1132 566 1303 642 oporteret

206 664 256 743 (0.
274 664 357 745 otu).
382 661 468 746 Ergo
483 665 510 729 si
527 665 723 730 continuum
739 674 854 728 natura
875 681 933 727 sua
949 660 1098 743 partibus
1114 658 1302 723 actualibus

204 772 343 840 constat,
359 759 411 826 hat
427 771 533 846 partes
549 782 615 828 non
634 773 771 847 possunt
787 763 924 826 induite
940 777 1007 826 non
1021 751 1104 823 esse.

244 862 280 926 2⁰
292 859 452 928 Praeterea
464 863 546 945 quid
560 863 709 946 estquod
723 864 782 929 has
795 870 901 945 partes
913 860 1063 942 designat
1076 860 1111 923 in
1124 857 1303 923 continual

205 964 252 1028 Ac
267 960 294 1025 si
312 962 362 1024 ue
378 971 484 1043 partes
500 961 601 1026 finite
616 972 704 1041 sunt,
720 962 802 1044 quid
818 977 931 1026 aarum
945 975 1121 1022 numerum
1138 955 1303 1037 prefinitt

205 1073 270 1141 qua
287 1075 441 1125 mensura
452 1061 518 1124 illae
531 1062 765 1126 continenturi
777 1078 841 1143 qua
853 1059 955 1141 figura
966 1052 1135 1122 constanti
1146 1053 1301 1119 Profecto

209 1155 238 1219 si
255 1167 362 1238 partes
379 1159 413 1221 in
430 1159 589 1224 continuo
605 1160 747 1223 actuales
769 1158 923 1232 existunt,
939 1174 994 1220 eas
1010 1163 1042 1218 et
1056 1151 1166 1236 quoad
1182 1164 1301 1217 nume·

204 1274 290 1333 rum,
308 1265 340 1321 et
362 1257 471 1340 quoad
494 1273 695 1336 mensuram,
711 1266 745 1321 ct
770 1255 879 1340 quoad
894 1254 1033 1338 liguram
1060 1254 1299 1318 determinatas

202 1371 276 1419 essa
300 1366 441 1437 oportet.
472 1357 536 1423 Sed
565 1359 634 1422 hec
661 1358 803 1438 partium
832 1352 1064 1419 determinatio
1079 1371 1118 1416 ex
1144 1350 1298 1416 continui

205 1461 320 1516 natura
339 1473 406 1541 non
432 1455 531 1534 fluit;
547 1457 757 1539 proindeque
771 1456 844 1520 sine
869 1454 938 1520 ulla
953 1453 1086 1518 ratione
1115 1450 1301 1516 sufficiente

205 1551 422 1633 supponenda
436 1561 496 1617 est.

245 1648 280 1712 3⁰
294 1648 441 1733 lienique
455 1651 507 1714 'hae
532 1650 682 1714 continui
710 1659 817 1732 partes
842 1658 962 1714 suntne
977 1646 1142 1713 continuae
1157 1665 1199 1710 an
1211 1648 1301 1712 nont

205 1744 239 1809 Si
256 1749 420 1812 continue
436 1758 605 1826 nunaunt,
619 1757 841 1831 punctasunt,
858 1766 895 1811 ac
906 1746 1086 1811 recidimus
1102 1745 1137 1810 in
1153 1745 1301 1810 Zenonis

205 1845 413 1911 sententiam.
430 1845 465 1910 st
479 1847 645 1910 continue
657 1854 743 1921 sunt,
754 1845 821 1927 jam
836 1855 868 1908 et
879 1845 959 1926 ipsae
970 1844 1118 1926 partibus
1133 1851 1298 1909 constant

205 1931 291 2022 Ergo
304 1959 371 2007 non
383 1952 459 2007 sunt
471 1943 593 2008 ultimae
608 1944 757 2008 continui
772 1952 892 2025 partes.
905 1942 1062 2016 Quaenam
1074 1951 1183 2006 autem
1199 1950 1301 2005 erunt

205 2037 349 2104 ultime?
365 2039 470 2105 Nullae
485 2040 632 2123 prolecto
646 2041 789 2106 inveniri
815 2049 981 2123 poterunt.
998 2038 1180 2105 Dicendum
1196 2039 1301 2121 igitur

200 2143 260 2198 aut
288 2138 483 2202 continuum
502 2147 651 2203 constare
664 2139 808 2220 punctis,
825 2146 881 2203 aut
901 2138 1009 2202 nullas
1038 2155 1076 2201 ex
1092 2155 1126 2201 se
1154 2136 1300 2201 actuales

206 2233 463 2317 partes'habere.
697 2248 700 2252 ’

247 2333 319 2400 tta.
334 2336 428 2400 [lices
440 2337 587 2414 fortasse,
602 2338 751 2403 continui
769 2346 877 2422 partes
893 2355 1000 2419 neque
1016 2336 1125 2400 linitas
1141 2354 1297 2412 numero,

205 2449 313 2516 neque
329 2434 474 2500 infinitas
489 2456 559 2501 esse
575 2455 664 2516 ;nam
680 2437 757 2501 licet
772 2450 846 2501 actu
859 2435 1025 2500 distincte
1040 2436 1117 2513 sint,
1137 2454 1205 2502 non
1218 2446 1301 2500 sunt

204 2541 314 2596 tamen
331 2534 454 2600 divisae.
631 2536 633 2541 ’
664 2587 666 2591 ,

246 2632 463 2713 Respondeo:
483 2632 510 2695 si
535 2641 643 2715 partes
659 2633 693 2695 in
710 2633 869 2698 continuo
883 2632 1027 2698 actuales
1053 2632 1154 2696 nulle
1169 2644 1299 2715 ponan-

204 2734 270 2803 tur,
288 2747 341 2792 aas
356 2748 425 2792 esse
442 2729 641 2807 indefinitas,
658 2737 716 2793 acu
732 2732 880 2811 potentia
905 2730 1073 2793 infinitas:
1094 2737 1125 2793 at
1144 2731 1171 2793 si
1188 2740 1298 2812 partes

204 2825 347 2888 actuales
360 2835 536 2907 ponantur,
551 2827 601 2890 he
614 2827 799 2892 necessario
813 2827 865 2891 vel
882 2827 1021 2890 infinitae
1036 2836 1108 2891 actu
1120 2827 1295 2904 validitas,

205 2922 303 2987 etiam
318 2933 393 2987 anto
408 2924 605 2991 divisionem
620 2926 770 2990 dicendae
796 2935 883 2990 suut.
899 2926 1030 2991 Etenim
1047 2927 1075 2990 si
1096 2936 1204 3009 partes
1218 2936 1297 2993 sunt

129 3032 131 3036 “
203 3030 277 3087 actu
293 3022 467 3100 distincte,
489 3024 635 3105 proiecto
651 3043 717 3088 una
741 3042 806 3088 non
823 3034 871 3088 est
885 3025 998 3100 altera,
1017 3025 1081 3090 hoc
1095 3027 1168 3108 ipso
1183 3035 1295 3089 actua·

205 3121 269 3185 lem
282 3122 529 3186 multitudinem
545 3124 762 3188 constituunt.
779 3123 955 3188 Multitudo
969 3133 1079 3187 autem
1091 3126 1228 3189 actualis
1241 3126 1294 3190 vel

205 3220 297 3283 linita
312 3231 360 3283 est
382 3220 430 3283 vel
456 3220 596 3284 infinita.

246 3319 317 3381 174.
330 3317 443 3399 Neque
455 3318 548 3383 obest
563 3319 648 3384 illud
659 3320 923 3387 :multitudinem
935 3320 1116 3385 unitatibus
1127 3332 1293 3392 constare:

205 3434 309 3481 unum
331 3427 438 3479 autem
454 3435 523 3479 esse
545 3417 635 3499 quod
655 3419 834 3483 indivisum
861 3420 896 3482 in
912 3439 946 3483 se
973 3428 1022 3483 est
1043 3428 1075 3485 ot
1089 3419 1233 3486 divisum
1247 3422 1291 3486 ab

201 3514 393 3677 alimmum
410 3514 589 3596 inprimis,
607 3516 692 3580 utin
708 3518 874 3599 ontolossia
900 3520 1085 3582 notavimus
1100 3518 1150 3599 (0.
1173 3519 1237 3600 95),
1256 3522 1292 3583 id

204 3632 269 3697 quo
332 3614 467 3677 nitatem
482 3615 664 3693 constitnit,
684 3634 751 3679 non
767 3627 815 3680 est
830 3617 950 3681 divisio
962 3617 1005 3680 ab
1019 3618 1107 3696 aliis,
1126 3620 1182 3682 sed
1199 3619 1294 3682 indi·

201 3713 286 3777 visio
310 3713 345 3776 in
375 3732 421 3777 sa.
453 3713 578 3778 Deinde
606 3713 727 3778 divisio
742 3716 791 3777 vel
821 3716 990 3792 indivisio,
1007 3735 1080 3797 quae
1103 3717 1293 3781 inanitatis

91 3855 97 3863 -
201 3819 361 3893 conceptu
391 3812 557 3893 reperitur
585 3829 651 3885 non
679 3809 933 3893 separationem,
962 3815 1018 3876 sed
1050 3815 1208 3879 actualem
1238 3815 1293 3878 di·

202 3908 412 3973 stinctionem
442 3909 601 3991 significat
616 3909 664 3989 (0.
688 3908 741 4007 ill,
758 3910 842 3990 aad).
859 3911 971 3993 ltaque
997 3911 1053 3974 uhi
1078 3911 1216 3976 habetur
1239 3914 1294 3977 di·

199 4004 331 4070 stinctio
357 4008 457 4071 unius
478 4008 519 4071 ab
541 4007 654 4107 altero,
679 4008 726 4071 ibi
752 4010 890 4074 habetur
909 4010 1072 4075 unitatum
1103 4013 1292 4094 pluralitas,
