2792 4600
94 430 98 435 ,
194 353 258 421 342
629 367 820 415 cosuonocn.

196 485 338 567 simplici
360 492 391 545 et
415 501 432 544 a
455 500 594 562 corpore
621 482 793 550 distinctae
810 500 882 563 quee
902 488 989 544 certe
1016 500 1074 562 per
1097 491 1281 547 atomorum

195 601 392 649 concursum
410 582 490 645 effici
502 600 566 670 non
581 584 697 663 potuit,
708 583 764 643 sed
777 581 939 643 infinitam
955 580 1111 643 creatoris
1123 600 1163 644 ex
1176 582 1283 644 nihilo

195 686 345 751 virtutem
374 681 569 764 postulabat.
592 683 640 746 Au
671 699 749 763 ergo
779 680 926 744 dicemus
952 688 1133 744 creatorem
1159 681 1284 744 animas

195 783 320 856 fecisse,
339 780 478 861 corpora
493 797 569 842 vero
585 782 671 842 casui
685 778 891 842 commisisse
906 779 920 841 l

236 882 309 947 501.
332 880 490 960 objicient
512 879 658 951 tortasse,
686 878 768 940 oriri
801 877 982 940 hodiedum
1012 877 1167 940 animalia
1190 878 1285 941 aliter
1369 949 1370 954 ἵ

197 1000 293 1065 quam
310 997 368 1061 per
383 978 625 1060 generationem
641 1002 650 1051 ;
667 997 698 1041 v.
715 996 763 1058 gr.
779 978 901 1039 insecta
917 976 1066 1058 quaedam
1082 996 1120 1039 ex
1137 978 1238 1058 putri,
1255 987 1285 1039 et

196 1099 291 1145 ranas
308 1088 381 1160 post
395 1079 535 1141 imbrem
552 1096 590 1139 ex
607 1077 752 1157 pulvere.
769 1076 831 1141 Sed
849 1076 882 1137 in
899 1076 1016 1157 primis
1032 1076 1135 1138 aniles
1151 1075 1285 1139 fabellas

196 1180 360 1252 recinunt,
374 1195 476 1258 qurum
493 1176 562 1238 bec
578 1176 611 1237 in
626 1174 777 1255 praesenti
790 1174 962 1254 objiciunt.
976 1174 1077 1237 Nemo
1090 1174 1178 1237 enim
1192 1174 1284 1255 iguo·

195 1288 257 1352 rat,
271 1288 443 1358 utramque
455 1274 648 1356 opinionem
661 1292 731 1337 esse
743 1273 907 1353 rejectam,
921 1291 958 1336 ac
973 1272 1093 1337 factum
1107 1281 1285 1355 utrumque

197 1378 293 1441 aliter
315 1374 413 1438 modo
436 1374 476 1436 ab
505 1373 660 1438 omnibus
686 1372 856 1453 explicari.
887 1372 944 1436 dst
975 1374 1037 1435 boc
1065 1372 1201 1449 omisso,
1228 1390 1287 1435 cnr

198 1486 311 1541 caetera
327 1492 460 1557 quoque
471 1473 627 1536 animalia
639 1474 805 1553 boepacto
822 1489 887 1534 non
905 1471 1048 1551 amplius
1063 1473 1286 1535 enascuntur?

196 1576 312 1640 Nonne
328 1574 440 1638 omnia
462 1575 511 1636 sic
527 1574 635 1653 primo
660 1580 734 1634 nata
750 1572 854 1634 sunt?
870 1571 935 1634 Cur
950 1588 1028 1652 ergo
1047 1571 1213 1653 primitiva
1228 1571 1286 1633 illa

136 1719 138 1722 -
196 1685 287 1741 ortus
303 1673 387 1736 ratio
403 1674 437 1734 in
453 1671 608 1735 omnibus
625 1671 692 1734 fere
707 1670 879 1753 speciebus
894 1671 1004 1752 vigere
1018 1670 1143 1735 desiit?

236 1772 309 1837 502.
333 1770 459 1834 Addam
489 1780 519 1833 ct
541 1771 628 1833 boc:
653 1767 809 1832 animalia
835 1787 938 1850 quum
965 1768 1109 1850 primurn
1139 1777 1285 1831 exterra

195 1890 369 1943 emersere,
397 1878 452 1933 aut
474 1869 615 1950 perlecta
633 1868 793 1948 prodiisse
815 1867 982 1944 dicuutur,
1007 1866 1193 1948 cuiusmodi
1210 1874 1287 1931 sunt

196 1973 294 2036 modo
311 1969 465 2033 animalia
488 1970 610 2045 adulta,
628 1986 668 2030 an
687 1985 764 2030 vero
786 1968 986 2048 imperfecta,
1005 1963 1284 2049 quemadmodum

196 2072 400 2151 embryenes,
424 2067 536 2142 catuli,
562 2068 673 2149 pulli·
686 2065 839 2132 infantes.
860 2067 893 2129 Si
911 2067 1057 2149 primurn
1073 2065 1198 2142 dicunt,
1215 2084 1285 2130 rem

197 2170 312 2232 dicunt
329 2167 424 2249 plane
440 2165 672 2229 incredibilem
684 2174 717 2228 et
727 2164 945 2241 arbitrariam,
960 2166 1028 2229 imo
1041 2166 1197 2230 omnibus
1212 2185 1286 2248 que
1369 2211 1370 2236 2

197 2266 399 2349 experientis
414 2265 627 2340 demonstrat,
646 2266 745 2346 plane
760 2264 969 2329 contrariam.
986 2262 1075 2327 Nibil
1092 2263 1182 2328 enim
1196 2264 1288 2337 vidc-

196 2387 269 2432 mus
284 2367 364 2432 oriri
383 2366 576 2447 perlectum.
590 2364 668 2438 Quis
681 2373 788 2428 autem
802 2372 903 2447 putet,
918 2365 993 2447 plus
1004 2364 1150 2446 potuisse
1163 2373 1286 2428 terram

193 2469 258 2532 vita
273 2475 449 2540 carentem,
467 2473 522 2528 aut
537 2464 709 2529 fortuitum
725 2464 961 2528 moleculerum
978 2465 1196 2546 quarumdam
1207 2482 1287 2528 con·

195 2584 340 2639 cursum,
358 2581 456 2645 qnam
473 2563 573 2626 modo
589 2563 714 2644 possint
730 2563 894 2637 animalia,
918 2563 1104 2644 exquibus
1128 2563 1285 2626 animalis

194 2671 391 2748 generantur
403 2650 988 2751 solummodorimperlectaldlterum
1001 2681 1079 2744 ergo
1090 2661 1283 2726 dicendum.

194 2763 417 2846 ecquomodo
438 2761 595 2842 potuisset
617 2761 726 2824 iulans
744 2780 775 2824 v.
803 2778 852 2841 gr.
868 2761 924 2825 diu
940 2762 1046 2826 vivere
1060 2761 1125 2824 sibi
1148 2761 1285 2825 relictus

194 2863 345 2934 assoles,
363 2861 434 2923 sine
446 2859 515 2922 ullo
531 2857 692 2935 subsidio,
710 2859 923 2935 nutrimento,
941 2859 1162 2925 defensione?

237 2960 339 3041 {gitur
358 2957 494 3020 materia
514 2957 734 3032 elementaris,
760 2974 835 3019 cum
862 2958 1017 3021 omnibns
1046 2957 1115 3020 suis
1143 2955 1283 3033 viribus,

193 3060 347 3141 organice
359 3075 509 3137 corpora,
527 3058 696 3138 multoque
710 3057 812 3137 magis
827 3056 993 3134 animalia,
1008 3076 1115 3140 perse
1130 3056 1285 3139 effingere

193 3176 261 3224 nou
286 3159 400 3239 potuit.
419 3157 502 3236 Ergo
518 3156 552 3216 in
580 3155 668 3217 bunc
684 3154 783 3216 finem
805 3153 853 3218 vis
879 3154 942 3217 alia
964 3154 1141 3218 amatcriae
1156 3154 1284 3220 viribus

192 3258 322 3320 diversa
347 3254 587 3336 requirebatur.
612 3255 701 3317 Hauc
716 3264 824 3316 autem
850 3254 915 3317 vim
939 3273 1068 3318 summo
1087 3253 1231 3317 consilio
1246 3271 1286 3316 ac

195 3355 308 3418 diviua
325 3352 485 3433 sapientia
501 3359 667 3432 operatam
691 3350 792 3414 tuisse
818 3353 888 3434 eJus
910 3371 1009 3434 opera
1038 3351 1285 3415 evidentissime

194 3452 414 3516 manifestant.
431 3449 528 3528 Ergo.
991 3440 993 3443 ’

632 3596 798 3645 anricucus
820 3598 855 3645 u.

316 3711 381 3773 elle
401 3710 490 3772 medo
519 3718 545 3771 et
566 3709 754 3790 ordineque
780 3710 914 3773 muudus
933 3721 977 3774 est
1003 3713 1155 3776 conditus.

194 3867 197 3874 ·
235 3841 308 3906 505.
334 3840 464 3904 Modum
481 3814 578 3919 atque
593 3837 745 3901 ordinem
761 3857 828 3920 quo
843 3839 912 3902 brec
927 3857 1037 3904 rerum
1053 3843 1246 3906 universitas
1262 3859 1280 3903 a

190 3959 323 4013 summo
331 3940 448 4023 opifice
460 3939 591 4028 condita
599 3948 630 4001 et
643 3938 784 4019 perfecte
796 3950 855 4015 est,
870 3939 992 4022 triplici
1007 3942 1279 4007 metbododeter·

189 4040 319 4122 minare
335 4054 527 4120 possumus;
544 4035 743 4100 deductione
757 4055 796 4100 ex
818 4038 992 4119 principiis
1011 4040 1192 4122 analyticis,
1214 4049 1282 4116 tra»,
