2792 4600
193 372 235 433 34
646 387 817 432 onroeocnt.
853 389 859 399 ·

192 502 386 575 realitatum,
401 520 540 582 quarum
553 502 740 581 negationes
753 500 1000 581 concipiantur;
1014 509 1045 564 et
1057 518 1122 563 nou
1135 500 1280 583 gignitur

191 600 326 681 proprie
341 618 448 680 neque
463 601 576 680 gignit,
595 599 672 680 quia
688 601 774 663 nihil
791 608 849 663 est.
1041 681 1045 688 ἱ

230 697 281 761 68.
306 696 408 777 igitur
437 716 625 779 quanquam
652 698 825 778 possibilia
851 698 984 780 physice
1014 697 1100 760 nihil
1120 696 1277 777 mmihi),

187 795 312 858 habent
327 805 434 859 tamen
451 814 542 859 suam
562 796 742 859 realitatem
759 795 951 877 objectivam
971 805 1067 877 atque
1083 815 1152 858 esse
1168 815 1277 861 suum.

186 893 329 957 Realitas
353 894 562 973 possibilium
579 902 627 956 est
649 895 767 958 entitas
782 894 991 975 metaphysica
1005 903 1031 956 et
1052 895 1216 969 abstracta,
1233 895 1279 957 vi·

185 993 308 1054 delicet
335 995 404 1069 ipsa
430 1010 545 1055 eorum
570 992 794 1077 intelligibilia
819 991 1041 1060 constitutiva.
1072 994 1146 1056 llaec
1170 1003 1279 1054 autem

186 1092 304 1153 entitas
327 1091 549 1173 metaphysica
575 1100 606 1153 et
621 1091 782 1154 abstracta
804 1110 905 1171 quum
922 1091 1119 1171 concipitur,
1136 1101 1209 1153 actu
1231 1101 1280 1154 est

186 1191 221 1255 in
232 1198 314 1252 stota
326 1190 421 1269 logico
431 1189 497 1252 sive
508 1190 611 1263 ideali,
621 1190 780 1253 nimirum
794 1190 826 1252 in
841 1190 1022 1266 intellectu,
1032 1189 1089 1271 qui
1103 1199 1175 1252 actu
1189 1189 1277 1253 illam

183 1289 425 1370 apprehendit:
444 1307 504 1351 nec
519 1289 736 1351 actualitatem
755 1289 875 1351 habere
892 1298 997 1368 potest
1011 1306 1068 1367 per
1084 1306 1136 1366 se;
1154 1288 1209 1349 sed
1229 1290 1278 1350 vel

184 1398 233 1451 est
258 1397 408 1452 concreta
438 1389 472 1450 in
490 1389 587 1450 rebus
611 1388 660 1450 vel
689 1397 847 1469 concepta
873 1387 907 1450 in
925 1388 1111 1463 intellectu;
1141 1388 1222 1449 itan
1269 1388 1277 1449 i

185 1487 285 1548 nullae
301 1504 352 1548 res
365 1494 484 1558 essent,
500 1494 530 1546 et
545 1484 656 1547 nullus
673 1494 829 1564 praeterea
841 1495 925 1547 esset
938 1485 1134 1562 intellectus,
1148 1401 1278 1546 realigs

182 1602 317 1665 qunque
335 1584 391 1645 illa
408 1584 553 1663 amplius
569 1602 634 1646 non
651 1593 747 1647 esset.

225 1680 277 1745 69.
303 1684 482 1745 Pacenstrto
509 1680 564 1744 tll.
591 1679 755 1743 Passihilia
780 1699 843 1745 non
866 1691 940 1744 sunt
965 1702 1000 1743 ea
1024 1682 1132 1757 solnm,
1152 1702 1220 1761 qua
1243 1682 1278 1742 ia

181 1781 259 1844 serie
271 1788 440 1860 temporum
454 1780 647 1842 existentiam
661 1780 809 1842 obtineat.

184 1929 187 1935 .
228 1878 282 1941 Est
295 1887 407 1942 contra
425 1879 579 1941 fatalistas
594 1891 626 1941 et
641 1878 855 1951 Hohbesium,
873 1880 929 1960 qui
946 1879 979 1940 in
995 1897 1034 1941 eo
1050 1889 1170 1955 errant,
1188 1879 1278 1959 quod

186 1979 398 2041 intrinsecam
420 1976 672 2059 possibilitatem
693 1995 768 2039 cum
797 1978 978 2039 extrinseca
1003 1978 1230 2057 permisceant,
1247 1987 1279 2040 et

185 2087 342 2159 praelerea
360 2077 400 2138 de
417 2095 544 2139 summa
561 2095 672 2138 rerum
688 2094 784 2138 causa
800 2076 941 2156 pessime
957 2077 1111 2138 sentiant.

231 2177 262 2237 1ο
278 2176 438 2239 Passihile
455 2175 551 2236 estid
573 2174 661 2254 quod
678 2174 713 2235 in
726 2174 794 2237 suis
814 2174 1032 2238 constitutivis
1048 2175 1209 2239 idealibus
1227 2195 1277 2240 re·

188 2274 400 2355 pugnantiam
417 2291 482 2335 non
510 2272 667 2336 continet.
690 2272 760 2336 lam
787 2273 861 2355 quis
877 2291 944 2337 non
960 2274 1047 2337 videt
1062 2273 1188 2338 infinita
1202 2277 1275 2353 alia,

189 2381 307 2458 praeter
323 2391 359 2434 ea
384 2389 457 2452 quae
480 2370 683 2433 existentiam
701 2372 735 2433 in
751 2383 900 2452 tempore
915 2374 1161 2450 nanciscuntur,
1179 2393 1277 2458 reppu-

187 2473 357 2555 gnanliam
386 2469 510 2532 nullam
536 2471 726 2536 continere?
754 2469 922 2552 Quidquid
948 2472 1037 2534 enim
1064 2474 1186 2553 cogites
1202 2475 1277 2539 dato

190 2585 340 2652 tempore
355 2572 503 2645 existere,
523 2570 651 2632 infinita
676 2570 741 2632 alia
763 2570 811 2632 illi
834 2570 956 2632 similia
976 2574 1009 2633 in
1036 2572 1173 2634 diversis
1195 2584 1277 2636 tem-

164 2715 172 2730 .
193 2671 284 2753 poris
301 2669 494 2733 differentiis
508 2669 646 2732 existere
659 2687 755 2750 posse
767 2669 946 2750 concipies.
964 2669 1009 2732 lta
1022 2670 1185 2751 quidquid
1199 2675 1282 2736 acci-

193 2771 320 2834 dalani
335 2769 523 2844 individuo,
538 2768 702 2849 quidquid
721 2779 833 2849 agatur
851 2769 891 2831 ab
908 2770 979 2843 illo,
997 2770 1069 2832 aliis
1086 2772 1232 2834 accidere
1251 2782 1282 2833 et

193 2872 236 2933 ab
251 2871 325 2932 aliis
347 2869 397 2949 agi
413 2869 461 2931 vel
478 2868 594 2931 eodem
609 2878 757 2948 tempore
772 2869 821 2930 vel
838 2870 966 2932 diverso
981 2869 1168 2933 nullatenus
1184 2890 1282 2954 repu-

193 2978 283 3050 gnat.
302 2968 391 3030 idem
405 2965 508 3029 dicito
521 2966 561 3027 de
573 2965 801 3041 relationibus,
816 2985 894 3048 quas
907 2985 1009 3030 unum
1022 2967 1230 3032 individuum
1242 2971 1283 3031 ad

192 3067 258 3128 alia
277 3065 384 3130 habet.

239 3166 272 3227 2⁰
293 3164 534 3242 Perieotionum
567 3163 688 3243 gradus
719 3164 753 3225 in
787 3164 918 3229 entibus
947 3165 1067 3240 finitis,
1095 3166 1288 3245 magnitudo

197 3282 331 3345 quoque
348 3281 524 3344 corporum
541 3272 646 3326 certos
663 3263 773 3324 nullos
793 3263 915 3325 limites
932 3263 1071 3341 habeut;
1087 3264 1187 3345 igilur
1201 3285 1289 3328 sern-

200 3381 259 3444 per
276 3363 396 3446 poterit
421 3361 552 3440 concipi
569 3360 695 3439 aliquid
725 3360 900 3442 perfectius
914 3361 963 3423 vel
980 3362 1289 3443 minusperlectum

198 3459 241 3521 iis
256 3476 328 3539 quae
347 3471 433 3529 sunt,
451 3457 577 3536 aliquid
596 3458 728 3538 majoris
748 3458 846 3521 molis
860 3460 910 3520 vel
927 3460 1078 3523 minoris.
1094 3461 1290 3541 Figurarum

198 3560 278 3621 item
294 3557 443 3628 varietas,
459 3566 493 3619 ut
509 3575 581 3635 quae
597 3575 765 3642 enumero
778 3557 914 3620 laterum
929 3561 1060 3638 pendet,
1074 3563 1291 3641 quemadmo-

199 3657 280 3723 dum
297 3673 511 3718 numerorum
525 3656 637 3730 series,
652 3655 749 3718 finem
767 3675 832 3719 non
851 3657 959 3722 hahet.

242 3757 275 3816 5⁰
300 3754 509 3836 impossibile
529 3764 588 3827 est,
605 3756 716 3817 omnia
732 3775 805 3837 quse
821 3757 998 3820 intrinseco
1014 3758 1185 3839 possibilia
1200 3767 1289 3833 sunt,

200 3855 241 3915 ad
259 3852 464 3918 existentiam
492 3855 613 3915 venire.
636 3852 735 3916 Multa
761 3856 851 3916 enim
876 3855 1049 3936 possibilia
1070 3856 1292 3918 contradicto-

201 3951 250 4014 ria
277 3962 363 4027 sunt,
395 3964 494 4033 atqua
523 3952 604 4015 adeo
634 3953 817 4031 contraria;
847 3954 995 4034 adeoque
1024 3955 1123 4016 simul
1153 3954 1291 4016 existere

197 4068 268 4116 non
293 4063 428 4131 possunt
452 4069 506 4116 :a
524 4069 572 4132 gr.
598 4052 661 4116 hnc
690 4062 857 4119 momento
884 4053 1043 4136 possibile
1072 4063 1131 4131 est,
1157 4054 1292 4119 Petrum
