2792 4600
475 306 560 350 uranu
583 305 703 362 aarum,
723 305 819 349 ,carun
842 306 874 349 tt.
1181 284 1219 348 st

124 436 230 499 etium
246 437 353 516 reipsa
367 436 609 521 deficientibus,
623 435 733 499 adhuc
748 444 854 498 tamen
869 435 1065 515 intelligitur
1076 434 1156 515 quid
1170 452 1222 496 res

124 532 264 598 sitltlae
277 535 378 615 igitur
393 544 489 607 notae,
501 553 566 598 non
583 535 663 607 ists,
674 534 722 595 rei
739 532 911 595 essentiam
929 533 1142 596 constituunt.
1153 531 1219 606 Sic,

133 640 169 693 ut
197 630 348 712 exemplo
365 641 448 706 utar,
466 649 582 712 purum
608 630 707 694 reiert
720 647 761 694 an
791 629 936 692 circulus
951 630 993 692 sit
1022 629 1156 710 maioris
1171 629 1221 693 vel

133 727 274 793 minoris
287 728 537 810 magnitudinis,
546 731 589 792 sit
602 748 640 791 ea
649 727 758 808 lapide
770 738 825 790 aut
834 745 956 809 papyro
968 736 1029 790 etc.
1041 745 1050 803 ;
1064 746 1222 808 quocum·

133 845 198 908 que
212 829 300 890 enim
316 826 416 890 modo
436 827 505 889 haec
520 845 553 889 se
575 827 727 900 habeant,
744 826 860 888 circuli
876 826 960 889 ratio
983 843 1049 888 non
1065 835 1220 889 mutatur.
1304 876 1306 878 -

135 924 258 991 circuti
274 926 363 989 enim
381 927 514 1007 propria
531 926 615 990 ratio
631 926 681 989 liis
697 924 852 988 omnibus
868 943 934 988 non
949 925 1148 999 continetur,
1165 924 1221 987 sed

133 1022 168 1085 in
184 1040 224 1086 eo
238 1023 325 1104 quod
354 1024 466 1086 omnia
482 1024 680 1105 peripheriae
698 1028 817 1103 pu'ncta
832 1040 849 1084 a
865 1032 977 1085 centro
998 1020 1220 1102 aeqoidistent.

130 1122 260 1189 Idcirco
273 1122 301 1185 si
314 1122 354 1184 ab
368 1123 429 1185 hac
437 1122 602 1186 essentiali
614 1121 886 1186 determinatione
899 1121 1104 1202 praescindit,
1114 1122 1221 1184 eircu-

133 1215 360 1300 lumamplius
376 1238 442 1283 uon
458 1220 619 1302 concipis.
709 1280 719 1293 ,

173 1316 221 1381 Ex
240 1318 288 1381 rei
304 1337 405 1399 porro
424 1319 654 1391 essentialibus
675 1318 896 1384 constitutivis
911 1318 1060 1400 quaedam
1076 1317 1148 1380 aliae
1164 1318 1221 1380 de·

135 1418 384 1482 terminationes
399 1437 457 1482 scu
473 1419 646 1499 qualitates
661 1419 842 1494 dimanant,
859 1419 931 1480 aliae
943 1419 1136 1492 necessario,
1150 1418 1223 1480 alie

129 1516 373 1596 contingenter.
391 1517 469 1589 lllse,
488 1526 523 1579 ut
544 1518 578 1578 in
594 1517 699 1597 logica
721 1516 848 1580 dictum
863 1518 970 1596 esttl.
986 1518 1051 1595 st),
1070 1520 1221 1599 proprie-

133 1622 213 1675 tates
228 1613 388 1687 essentiae,
407 1614 476 1675 haec
491 1613 671 1676 accidentia
686 1615 834 1677 esseutiae
850 1615 915 1676 dici
937 1615 1056 1677 solent.

173 1709 226 1773 tl.
243 1711 391 1775 Essentia
408 1712 470 1775 hoc
495 1711 630 1774 nomine
642 1712 836 1792 appellatur,
854 1713 933 1792 quia
947 1722 995 1775 est
1010 1712 1043 1773 id
1058 1714 1146 1793 quod
1163 1731 1221 1793 per

131 1811 263 1875 essendi
289 1819 396 1872 actum
414 1813 445 1872 in
470 1828 666 1890 unaquaque
680 1827 714 1871 re
730 1811 838 1891 primo
861 1830 931 1874 esse
947 1811 1153 1889 intelligitur.
1171 1811 1220 1874 Ab

133 1909 277 1990 antiquis
292 1909 467 1975 vocabatur
481 1926 615 1990 quoque
629 1910 783 1990 poidditos
795 1928 805 1974 .·
819 1910 1033 1989 interroganti
1046 1910 1134 1973 enim
1146 1908 1223 1989 quid

132 2026 178 2069 res
199 2007 252 2081 ait,
270 2007 507 2087 respondemus
522 2006 729 2086 subjiciendo
745 2006 835 2069 illius
850 2008 1036 2081 essentiam,
1055 2006 1219 2088 signitica-

132 2110 199 2168 tam
214 2105 263 2167 vel
294 2122 352 2184 per
368 2121 488 2166 nomeu
514 2103 561 2165 rei
579 2104 764 2184 proprium,
783 2105 872 2185 quod
889 2105 1065 2185 respondet
1092 2105 1220 2168 notioni

40 2213 44 2219 ‘
130 2202 1220 2284 essentiaecoulusae,voiperdefinitionem,quaedistiuotamcssen·

132 2304 368 2367 uenationem
383 2302 545 2383 significat
558 2303 603 2382 (L.
619 2304 701 2381 118).
719 2303 854 2367 Definiri
867 2323 1001 2385 quoque
1014 2305 1095 2366 solet
1111 2322 1221 2367 essen·

132 2402 198 2466 tia:
229 2403 261 2464 id
282 2402 363 2482 quod
378 2401 481 2481 primo
510 2401 547 2462 de
572 2420 604 2461 rc
625 2401 817 2482 concipitur;
847 2400 924 2481 quia
953 2402 980 2463 si
1004 2402 1144 2465 essentia
1173 2402 1220 2465 rei

133 2519 200 2565 non
216 2501 400 2582 percipitur
413 2518 479 2563 non
506 2501 716 2580 cognoscitur
731 2501 811 2581 quid
838 2519 890 2563 res
905 2502 963 2578 sit;
981 2501 1008 2562 si
1030 2510 1137 2564 eutem
1155 2518 1221 2563 nou

130 2602 342 2683 cognoscitur
370 2599 450 2681 quid
469 2617 520 2661 res
546 2599 599 2676 sit,
617 2618 668 2663 res
682 2600 828 2681 prolecto
856 2617 921 2663 non
940 2601 1159 2680 cognoscitur.
1176 2602 1223 2666 Ex

130 2699 246 2763 eadem
262 2701 389 2763 ratione
405 2698 545 2762 essentia
556 2698 677 2763 dicitur
686 2700 877 2781 principium
891 2715 995 2762 eorum
1006 2700 1145 2772 omnium
1157 2719 1223 2781 quc

132 2801 195 2863 eati
219 2800 387 2862 necessario
401 2799 527 2875 insuam
543 2816 617 2862 oum
635 2800 831 2863 haecomnia
848 2798 888 2862 ab
901 2799 1042 2862 essentia
1053 2799 1223 2862 dimanare

132 2896 1080 2978 concipiuntur;quatenus,intellectacssentia,intelligitur
1090 2883 1222 2977 quoque

133 3014 192 3059 eut·
206 2995 361 3057 attributa
376 2995 410 3057 in
426 3005 501 3058 ente
515 2995 593 3059 siut.
607 2995 701 3060 Unde
715 2996 870 3059 attributa
883 2998 1150 3058 demonstrantur
1166 3013 1224 3077 per

132 3093 646 3172 esseutiam;essentiaveronilril
652 3095 753 3174 pubet
761 3114 795 3157 se
801 3096 906 3174 prius,
912 3094 1222 3175 perqdoddemons·

134 3190 213 3253 trari
231 3191 334 3271 possit
350 3191 397 3269 (L.
414 3190 499 3270 296).
516 3191 570 3254 Sic
585 3209 635 3255 ex.
652 3209 700 3271 gt.
720 3191 945 3255 demonstrare
961 3209 1026 3254 non
1044 3202 1146 3271 potes,
1164 3209 1224 3254 cur

135 3289 236 3351 homo
251 3289 295 3350 sit
310 3289 423 3360 homo,
441 3302 471 3351 et
488 3289 688 3370 triangulum
702 3291 743 3351 sit
755 3290 967 3369 triangulum,
985 3289 1040 3351 sed
1059 3290 1222 3352 intellecta

123 3386 629 3468 ¹horumessentia,proprietatos
639 3389 1109 3451 eorumomnesdemonstrare
1118 3387 1221 3468 potes.

172 3484 227 3549 tu.
252 3485 389 3547 Demum
413 3485 564 3561 essentia,
582 3486 609 3547 si
637 3485 863 3549 consideretur
889 3494 923 3548 ut
945 3493 994 3548 est
1020 3486 1223 3566 principium

120 3583 305 3672 'activitatis
327 3601 392 3664 que
404 3601 461 3646 ens
478 3584 592 3664 pollet,
609 3594 641 3647 et
655 3588 822 3648 actionum
839 3602 911 3665 quae
926 3583 967 3646 ab
984 3586 1056 3663 ipso
1079 3584 1218 3647 eliciun-

131 3691 196 3757 tur,
213 3682 301 3745 idem
324 3692 373 3744 est
388 3700 426 3743 ac
440 3693 568 3745 nutura.
582 3680 702 3745 Natura
728 3684 816 3743 enim
833 3691 881 3746 est
901 3683 978 3744 eutis
994 3683 1035 3743 od
1051 3692 1130 3743 certo
1144 3701 1222 3762 quo·

130 3782 204 3843 dom
218 3781 307 3842 modo
320 3782 513 3860 operandum
536 3781 693 3862 dispositio
715 3789 805 3861 utque
825 3780 994 3855 tendentis·
1007 3797 1080 3861 quae
1098 3779 1223 3844 idcirco

130 3878 174 3942 ab
188 3878 360 3942 Aristotele
376 3890 508 3943 vocatur
519 3879 714 3960 principium
727 3887 826 3941 motus
842 3881 892 3958 (t).

162 3991 193 4048 tt)
205 3992 227 4039 ll
239 3991 311 4052 Plaga.
321 3995 362 4039 tex
373 3993 395 4039 5.
