<?xml version="1.0" encoding="UTF-8"?>
<!DOCTYPE html PUBLIC "-//W3C//DTD XHTML 1.0 Transitional//EN"
    "http://www.w3.org/TR/xhtml1/DTD/xhtml1-transitional.dtd">
<html xmlns="http://www.w3.org/1999/xhtml" xml:lang="en" lang="en">
 <head>
  <title>
</title>
<meta http-equiv="Content-Type" content="text/html;charset=utf-8" />
  <meta name='ocr-system' content='tesseract 3.04.00' />
  <meta name='ocr-capabilities' content='ocr_page ocr_carea ocr_par ocr_line ocrx_word'/>
</head>
<body>
  <div class='ocr_page' id='page_1' title='image "./institutionesph01tonggoog_0228.png"; bbox 0 0 2792 4600; ppageno 0'>
   <div class='ocr_carea' id='block_1_1' title="bbox 190 322 835 387">
    <p class='ocr_par' dir='ltr' id='par_1_1' title="bbox 190 322 835 387">
     <span class='ocr_line' id='line_1_1' title="bbox 190 322 835 387; baseline -0.012 0"><span class='ocrx_word' id='word_1_1' title='bbox 190 322 252 387; x_wconf 67' lang='lat'>220</span> <span class='ocrx_word' id='word_1_2' title='bbox 644 333 835 381; x_wconf 82' lang='lat' dir='ltr'>cosuotocn.</span> 
     </span>
    </p>
   </div>
   <div class='ocr_carea' id='block_1_2' title="bbox 188 448 1291 3679">
    <p class='ocr_par' dir='ltr' id='par_1_2' title="bbox 188 448 1282 1417">
     <span class='ocr_line' id='line_1_2' title="bbox 231 448 1278 529; baseline -0.005 -11"><span class='ocrx_word' id='word_1_3' title='bbox 231 452 366 529; x_wconf 83' lang='lat' dir='ltr'>Deinde,</span> <span class='ocrx_word' id='word_1_4' title='bbox 381 469 422 514; x_wconf 91' lang='lat' dir='ltr'>ne</span> <span class='ocrx_word' id='word_1_5' title='bbox 435 450 541 514; x_wconf 89' lang='lat' dir='ltr'>dicam</span> <span class='ocrx_word' id='word_1_6' title='bbox 558 449 599 513; x_wconf 90' lang='lat' dir='ltr'>de</span> <span class='ocrx_word' id='word_1_7' title='bbox 614 450 750 513; x_wconf 88' lang='lat' dir='ltr'>materia</span> <span class='ocrx_word' id='word_1_8' title='bbox 762 448 920 512; x_wconf 87' lang='lat' dir='ltr'>coelorum</span> <span class='ocrx_word' id='word_1_9' title='bbox 933 448 1089 511; x_wconf 79' lang='lat' dir='ltr'>diversae</span> <span class='ocrx_word' id='word_1_10' title='bbox 1104 448 1278 513; x_wconf 87' lang='lat' dir='ltr'>sublunari</span> 
     </span>
     <span class='ocr_line' id='line_1_3' title="bbox 188 548 1276 631; baseline -0.007 -14"><span class='ocrx_word' id='word_1_11' title='bbox 188 553 336 627; x_wconf 90' lang='lat' dir='ltr'>materia,</span> <span class='ocrx_word' id='word_1_12' title='bbox 358 553 464 631; x_wconf 84' lang='lat' dir='ltr'>deque</span> <span class='ocrx_word' id='word_1_13' title='bbox 485 551 643 613; x_wconf 88' lang='lat' dir='ltr'>coelorum</span> <span class='ocrx_word' id='word_1_14' title='bbox 667 548 991 629; x_wconf 79' lang='lat' dir='ltr'>incorruptibilitate,</span> <span class='ocrx_word' id='word_1_15' title='bbox 1014 548 1182 630; x_wconf 89' lang='lat' dir='ltr'>quomodo</span> <span class='ocrx_word' id='word_1_16' title='bbox 1202 566 1276 611; x_wconf 86' lang='lat' dir='ltr'>sua·</span> 
     </span>
     <span class='ocr_line' id='line_1_4' title="bbox 188 645 1279 730; baseline -0.006 -16"><span class='ocrx_word' id='word_1_17' title='bbox 188 650 315 714; x_wconf 91' lang='lat' dir='ltr'>debunt</span> <span class='ocrx_word' id='word_1_18' title='bbox 332 666 471 730; x_wconf 89' lang='lat' dir='ltr'>corpora</span> <span class='ocrx_word' id='word_1_19' title='bbox 491 648 604 710; x_wconf 90' lang='lat' dir='ltr'>omnia</span> <span class='ocrx_word' id='word_1_20' title='bbox 622 646 814 710; x_wconf 91' lang='lat' dir='ltr'>sublunaria</span> <span class='ocrx_word' id='word_1_21' title='bbox 833 645 1063 727; x_wconf 83' lang='lat' dir='ltr'>corruptibilia</span> <span class='ocrx_word' id='word_1_22' title='bbox 1093 664 1174 721; x_wconf 88' lang='lat' dir='ltr'>esse,</span> <span class='ocrx_word' id='word_1_23' title='bbox 1203 664 1279 728; x_wconf 93' lang='lat' dir='ltr'>pro·</span> 
     </span>
     <span class='ocr_line' id='line_1_5' title="bbox 188 742 1282 830; baseline -0.004 -20"><span class='ocrx_word' id='word_1_24' title='bbox 188 746 472 830; x_wconf 87' lang='lat' dir='ltr'>priasquelormas</span> <span class='ocrx_word' id='word_1_25' title='bbox 487 765 524 807; x_wconf 81' lang='lat' dir='ltr'>en</span> <span class='ocrx_word' id='word_1_26' title='bbox 536 744 701 825; x_wconf 90' lang='lat' dir='ltr'>agentium</span> <span class='ocrx_word' id='word_1_27' title='bbox 710 742 910 805; x_wconf 87' lang='lat' dir='ltr'>naturalium</span> <span class='ocrx_word' id='word_1_28' title='bbox 923 743 1114 824; x_wconf 79' lang='lat' dir='ltr'>operatione</span> <span class='ocrx_word' id='word_1_29' title='bbox 1129 743 1282 806; x_wconf 88' lang='lat' dir='ltr'>amittere</span> 
     </span>
     <span class='ocr_line' id='line_1_6' title="bbox 189 842 1278 928; baseline -0.003 -19"><span class='ocrx_word' id='word_1_30' title='bbox 189 847 303 928; x_wconf 87' lang='lat' dir='ltr'>posscl</span> <span class='ocrx_word' id='word_1_31' title='bbox 314 845 375 909; x_wconf 79' lang='lat' dir='ltr'>Aut</span> <span class='ocrx_word' id='word_1_32' title='bbox 392 854 530 926; x_wconf 87' lang='lat' dir='ltr'>quatuor</span> <span class='ocrx_word' id='word_1_33' title='bbox 540 861 610 907; x_wconf 90' lang='lat' dir='ltr'>esse</span> <span class='ocrx_word' id='word_1_34' title='bbox 623 843 730 922; x_wconf 91' lang='lat' dir='ltr'>prima</span> <span class='ocrx_word' id='word_1_35' title='bbox 744 843 915 917; x_wconf 90' lang='lat' dir='ltr'>elementa,</span> <span class='ocrx_word' id='word_1_36' title='bbox 932 842 1079 923; x_wconf 83' lang='lat' dir='ltr'>eaquein</span> <span class='ocrx_word' id='word_1_37' title='bbox 1096 843 1198 906; x_wconf 82' lang='lat' dir='ltr'>mixto</span> <span class='ocrx_word' id='word_1_38' title='bbox 1210 861 1278 906; x_wconf 89' lang='lat' dir='ltr'>non</span> 
     </span>
     <span class='ocr_line' id='line_1_7' title="bbox 189 939 1277 1023; baseline -0.005 -14"><span class='ocrx_word' id='word_1_39' title='bbox 189 953 264 1010; x_wconf 89' lang='lat' dir='ltr'>actu</span> <span class='ocrx_word' id='word_1_40' title='bbox 279 943 412 1007; x_wconf 82' lang='lat' dir='ltr'>servatis</span> <span class='ocrx_word' id='word_1_41' title='bbox 430 942 574 1023; x_wconf 86' lang='lat' dir='ltr'>propriis</span> <span class='ocrx_word' id='word_1_42' title='bbox 587 940 724 1015; x_wconf 86' lang='lat' dir='ltr'>-lormis,</span> <span class='ocrx_word' id='word_1_43' title='bbox 743 940 799 1002; x_wconf 89' lang='lat' dir='ltr'>sed</span> <span class='ocrx_word' id='word_1_44' title='bbox 816 940 996 1003; x_wconf 89' lang='lat' dir='ltr'>secundum</span> <span class='ocrx_word' id='word_1_45' title='bbox 1019 939 1190 1021; x_wconf 90' lang='lat' dir='ltr'>qualitates</span> <span class='ocrx_word' id='word_1_46' title='bbox 1207 949 1277 1004; x_wconf 92' lang='lat' dir='ltr'>tan·</span> 
     </span>
     <span class='ocr_line' id='line_1_8' title="bbox 190 1036 1278 1121; baseline -0.003 -17"><span class='ocrx_word' id='word_1_47' title='bbox 190 1041 582 1121; x_wconf 83' lang='lat' dir='ltr'>tummodoparmanere?</span> <span class='ocrx_word' id='word_1_48' title='bbox 596 1036 719 1101; x_wconf 86' lang='lat' dir='ltr'>Omitto</span> <span class='ocrx_word' id='word_1_49' title='bbox 737 1037 800 1099; x_wconf 90' lang='lat' dir='ltr'>alia</span> <span class='ocrx_word' id='word_1_50' title='bbox 814 1036 971 1118; x_wconf 89' lang='lat' dir='ltr'>plurima:</span> <span class='ocrx_word' id='word_1_51' title='bbox 988 1038 1149 1100; x_wconf 89' lang='lat' dir='ltr'>totaenim</span> <span class='ocrx_word' id='word_1_52' title='bbox 1162 1056 1278 1101; x_wconf 88' lang='lat' dir='ltr'>eorum</span> 
     </span>
     <span class='ocr_line' id='line_1_9' title="bbox 191 1118 1279 1222; baseline -0.006 -19"><span class='ocrx_word' id='word_1_53' title='bbox 191 1141 327 1222; x_wconf 85' lang='lat' dir='ltr'>physica</span> <span class='ocrx_word' id='word_1_54' title='bbox 341 1137 517 1218; x_wconf 88' lang='lat' dir='ltr'>disciplina</span> <span class='ocrx_word' id='word_1_55' title='bbox 532 1118 682 1216; x_wconf 83' lang='lat' dir='ltr'>gratuitis</span> <span class='ocrx_word' id='word_1_56' title='bbox 698 1143 800 1198; x_wconf 90' lang='lat' dir='ltr'>scatet</span> <span class='ocrx_word' id='word_1_57' title='bbox 821 1135 1107 1216; x_wconf 87' lang='lat' dir='ltr'>suppositionibus</span> <span class='ocrx_word' id='word_1_58' title='bbox 1127 1145 1159 1197; x_wconf 91' lang='lat' dir='ltr'>et</span> <span class='ocrx_word' id='word_1_59' title='bbox 1174 1153 1279 1199; x_wconf 88' lang='lat' dir='ltr'>asser·</span> 
     </span>
     <span class='ocr_line' id='line_1_10' title="bbox 191 1232 1278 1317; baseline -0.006 -16"><span class='ocrx_word' id='word_1_60' title='bbox 191 1234 672 1317; x_wconf 85' lang='lat' dir='ltr'>tionibus.llisigituromissis,</span> <span class='ocrx_word' id='word_1_61' title='bbox 687 1233 763 1295; x_wconf 89' lang='lat' dir='ltr'>dico</span> <span class='ocrx_word' id='word_1_62' title='bbox 777 1232 846 1314; x_wconf 90' lang='lat' dir='ltr'>ipsa</span> <span class='ocrx_word' id='word_1_63' title='bbox 861 1250 976 1295; x_wconf 82' lang='lat' dir='ltr'>eorum</span> <span class='ocrx_word' id='word_1_64' title='bbox 988 1242 1178 1314; x_wconf 87' lang='lat' dir='ltr'>argumenta</span> <span class='ocrx_word' id='word_1_65' title='bbox 1192 1233 1278 1296; x_wconf 85' lang='lat' dir='ltr'>nibil</span> 
     </span>
     <span class='ocr_line' id='line_1_11' title="bbox 192 1334 345 1417; baseline -0.007 -21"><span class='ocrx_word' id='word_1_66' title='bbox 192 1334 345 1417; x_wconf 82' lang='lat' dir='ltr'>probare.</span> 
     </span>
    </p>

    <p class='ocr_par' dir='ltr' id='par_1_3' title="bbox 190 1428 1286 2895">
     <span class='ocr_line' id='line_1_12' title="bbox 232 1428 1280 1511; baseline 0 -18"><span class='ocrx_word' id='word_1_67' title='bbox 232 1434 284 1506; x_wconf 76' lang='lat'>45.</span> <span class='ocrx_word' id='word_1_68' title='bbox 301 1432 400 1494; x_wconf 83' lang='lat' dir='ltr'>Multa</span> <span class='ocrx_word' id='word_1_69' title='bbox 415 1429 549 1511; x_wconf 87' lang='lat' dir='ltr'>quidem</span> <span class='ocrx_word' id='word_1_70' title='bbox 563 1448 580 1491; x_wconf 93' lang='lat' dir='ltr'>a</span> <span class='ocrx_word' id='word_1_71' title='bbox 592 1428 758 1491; x_wconf 87' lang='lat' dir='ltr'>veteribus</span> <span class='ocrx_word' id='word_1_72' title='bbox 770 1428 973 1491; x_wconf 81' lang='lat' dir='ltr'>scholasticis</span> <span class='ocrx_word' id='word_1_73' title='bbox 986 1428 1026 1490; x_wconf 92' lang='lat' dir='ltr'>ad</span> <span class='ocrx_word' id='word_1_74' title='bbox 1043 1447 1109 1492; x_wconf 77' lang='lat' dir='ltr'>sum</span> <span class='ocrx_word' id='word_1_75' title='bbox 1122 1430 1280 1493; x_wconf 80' lang='lat' dir='ltr'>doctrinae</span> 
     </span>
     <span class='ocr_line' id='line_1_13' title="bbox 192 1529 1281 1611; baseline -0.004 -15"><span class='ocrx_word' id='word_1_76' title='bbox 192 1530 474 1596; x_wconf 85' lang='lat' dir='ltr'>confirmationem</span> <span class='ocrx_word' id='word_1_77' title='bbox 491 1529 710 1591; x_wconf 82' lang='lat' dir='ltr'>afferebantur</span> <span class='ocrx_word' id='word_1_78' title='bbox 733 1537 934 1609; x_wconf 85' lang='lat' dir='ltr'>argumenta,</span> <span class='ocrx_word' id='word_1_79' title='bbox 960 1529 1131 1611; x_wconf 89' lang='lat' dir='ltr'>multoque</span> <span class='ocrx_word' id='word_1_80' title='bbox 1154 1530 1281 1608; x_wconf 90' lang='lat' dir='ltr'>pluraa</span> 
     </span>
     <span class='ocr_line' id='line_1_14' title="bbox 190 1625 1283 1711; baseline -0.002 -19"><span class='ocrx_word' id='word_1_81' title='bbox 190 1630 355 1711; x_wconf 87' lang='lat' dir='ltr'>sequioris</span> <span class='ocrx_word' id='word_1_82' title='bbox 370 1628 427 1690; x_wconf 82' lang='lat' dir='ltr'>aevi</span> <span class='ocrx_word' id='word_1_83' title='bbox 457 1627 673 1690; x_wconf 89' lang='lat' dir='ltr'>doctoribus:</span> <span class='ocrx_word' id='word_1_84' title='bbox 704 1644 771 1689; x_wconf 93' lang='lat' dir='ltr'>non</span> <span class='ocrx_word' id='word_1_85' title='bbox 789 1625 936 1703; x_wconf 64' lang='lat' dir='ltr'>{deluere</span> <span class='ocrx_word' id='word_1_86' title='bbox 964 1636 1072 1690; x_wconf 86' lang='lat' dir='ltr'>tamen</span> <span class='ocrx_word' id='word_1_87' title='bbox 1091 1627 1177 1691; x_wconf 84' lang='lat' dir='ltr'>iuter</span> <span class='ocrx_word' id='word_1_88' title='bbox 1191 1628 1283 1709; x_wconf 90' lang='lat' dir='ltr'>ipsos</span> 
     </span>
     <span class='ocr_line' id='line_1_15' title="bbox 192 1723 1282 1810; baseline -0.001 -21"><span class='ocrx_word' id='word_1_89' title='bbox 192 1727 423 1810; x_wconf 84' lang='lat' dir='ltr'>peripateticos</span> <span class='ocrx_word' id='word_1_90' title='bbox 445 1725 630 1806; x_wconf 86' lang='lat' dir='ltr'>magistros,</span> <span class='ocrx_word' id='word_1_91' title='bbox 647 1724 704 1806; x_wconf 90' lang='lat' dir='ltr'>qui</span> <span class='ocrx_word' id='word_1_92' title='bbox 728 1723 913 1787; x_wconf 88' lang='lat' dir='ltr'>doctrinam</span> <span class='ocrx_word' id='word_1_93' title='bbox 930 1723 1015 1787; x_wconf 78' lang='lat' dir='ltr'>lianc</span> <span class='ocrx_word' id='word_1_94' title='bbox 1037 1742 1101 1789; x_wconf 91' lang='lat' dir='ltr'>non</span> <span class='ocrx_word' id='word_1_95' title='bbox 1125 1726 1229 1788; x_wconf 89' lang='lat' dir='ltr'>firmis</span> <span class='ocrx_word' id='word_1_96' title='bbox 1244 1744 1282 1789; x_wconf 89' lang='lat' dir='ltr'>ac</span> 
     </span>
     <span class='ocr_line' id='line_1_16' title="bbox 193 1820 1281 1903; baseline -0.002 -14"><span class='ocrx_word' id='word_1_97' title='bbox 193 1825 386 1889; x_wconf 85' lang='lat' dir='ltr'>necessariis</span> <span class='ocrx_word' id='word_1_98' title='bbox 398 1823 593 1898; x_wconf 90' lang='lat' dir='ltr'>rationibus,</span> <span class='ocrx_word' id='word_1_99' title='bbox 608 1822 664 1885; x_wconf 90' lang='lat' dir='ltr'>sed</span> <span class='ocrx_word' id='word_1_100' title='bbox 677 1831 802 1884; x_wconf 89' lang='lat' dir='ltr'>tantum</span> <span class='ocrx_word' id='word_1_101' title='bbox 820 1820 1046 1903; x_wconf 89' lang='lat' dir='ltr'>probabilibus</span> <span class='ocrx_word' id='word_1_102' title='bbox 1062 1822 1185 1886; x_wconf 85' lang='lat' dir='ltr'>firmari</span> <span class='ocrx_word' id='word_1_103' title='bbox 1202 1823 1281 1887; x_wconf 87' lang='lat' dir='ltr'>late·</span> 
     </span>
     <span class='ocr_line' id='line_1_17' title="bbox 194 1921 1283 2003; baseline -0.001 -17"><span class='ocrx_word' id='word_1_104' title='bbox 194 1934 319 1987; x_wconf 87' lang='lat' dir='ltr'>rentur.</span> <span class='ocrx_word' id='word_1_105' title='bbox 346 1922 527 1988; x_wconf 88' lang='lat' dir='ltr'>Cardinalis</span> <span class='ocrx_word' id='word_1_106' title='bbox 549 1939 624 1983; x_wconf 88' lang='lat' dir='ltr'>vero</span> <span class='ocrx_word' id='word_1_107' title='bbox 655 1921 859 1997; x_wconf 71' lang='lat' dir='ltr'>Ptolomeus,</span> <span class='ocrx_word' id='word_1_108' title='bbox 887 1922 937 1983; x_wconf 84' lang='lat' dir='ltr'>vir</span> <span class='ocrx_word' id='word_1_109' title='bbox 956 1923 1085 2003; x_wconf 75' lang='lat' dir='ltr'>egregie</span> <span class='ocrx_word' id='word_1_110' title='bbox 1104 1923 1229 2000; x_wconf 87' lang='lat' dir='ltr'>doctus,</span> <span class='ocrx_word' id='word_1_111' title='bbox 1251 1932 1283 1986; x_wconf 89' lang='lat' dir='ltr'>et</span> 
     </span>
     <span class='ocr_line' id='line_1_18' title="bbox 193 2019 1283 2103; baseline -0.001 -18"><span class='ocrx_word' id='word_1_112' title='bbox 193 2023 358 2086; x_wconf 88' lang='lat' dir='ltr'>voluntate</span> <span class='ocrx_word' id='word_1_113' title='bbox 375 2030 462 2084; x_wconf 89' lang='lat' dir='ltr'>certe</span> <span class='ocrx_word' id='word_1_114' title='bbox 479 2020 725 2103; x_wconf 89' lang='lat' dir='ltr'>peripateticus,</span> <span class='ocrx_word' id='word_1_115' title='bbox 754 2019 894 2083; x_wconf 83' lang='lat' dir='ltr'>candide</span> <span class='ocrx_word' id='word_1_116' title='bbox 915 2019 1036 2084; x_wconf 82' lang='lat' dir='ltr'>latetur</span> <span class='ocrx_word' id='word_1_117' title='bbox 1058 2021 1232 2085; x_wconf 84' lang='lat' dir='ltr'>convenire</span> <span class='ocrx_word' id='word_1_118' title='bbox 1247 2041 1283 2084; x_wconf 89' lang='lat' dir='ltr'>sc</span> 
     </span>
     <span class='ocr_line' id='line_1_19' title="bbox 193 2118 1284 2203; baseline -0.003 -17"><span class='ocrx_word' id='word_1_119' title='bbox 193 2139 270 2186; x_wconf 88' lang='lat' dir='ltr'>cum</span> <span class='ocrx_word' id='word_1_120' title='bbox 285 2121 504 2203; x_wconf 71' lang='lat' dir='ltr'>peripateticae</span> <span class='ocrx_word' id='word_1_121' title='bbox 518 2118 676 2182; x_wconf 80' lang='lat' dir='ltr'>doctrinae</span> <span class='ocrx_word' id='word_1_122' title='bbox 699 2118 904 2191; x_wconf 84' lang='lat' dir='ltr'>adversariis,</span> <span class='ocrx_word' id='word_1_123' title='bbox 921 2128 1078 2201; x_wconf 91' lang='lat' dir='ltr'>quantum</span> <span class='ocrx_word' id='word_1_124' title='bbox 1100 2121 1140 2183; x_wconf 90' lang='lat' dir='ltr'>ad</span> <span class='ocrx_word' id='word_1_125' title='bbox 1164 2121 1284 2202; x_wconf 93' lang='lat' dir='ltr'>proba·</span> 
     </span>
     <span class='ocr_line' id='line_1_20' title="bbox 192 2217 1282 2302; baseline 0.001 -20"><span class='ocrx_word' id='word_1_126' title='bbox 192 2220 322 2284; x_wconf 91' lang='lat' dir='ltr'>tionum</span> <span class='ocrx_word' id='word_1_127' title='bbox 338 2239 411 2302; x_wconf 88' lang='lat' dir='ltr'>quae</span> <span class='ocrx_word' id='word_1_128' title='bbox 423 2219 462 2281; x_wconf 89' lang='lat' dir='ltr'>ad</span> <span class='ocrx_word' id='word_1_129' title='bbox 478 2219 581 2299; x_wconf 88' lang='lat' dir='ltr'>ipsam</span> <span class='ocrx_word' id='word_1_130' title='bbox 595 2217 854 2281; x_wconf 85' lang='lat' dir='ltr'>confirmandam</span> <span class='ocrx_word' id='word_1_131' title='bbox 870 2220 975 2282; x_wconf 83' lang='lat' dir='ltr'>afferri</span> <span class='ocrx_word' id='word_1_132' title='bbox 992 2220 1152 2296; x_wconf 91' lang='lat' dir='ltr'>solebant,</span> <span class='ocrx_word' id='word_1_133' title='bbox 1170 2221 1282 2283; x_wconf 83' lang='lat' dir='ltr'>levita·</span> 
     </span>
     <span class='ocr_line' id='line_1_21' title="bbox 193 2317 1280 2397; baseline -0.001 -15"><span class='ocrx_word' id='word_1_134' title='bbox 193 2327 278 2396; x_wconf 65' lang='lat' dir='ltr'>tenu</span> <span class='ocrx_word' id='word_1_135' title='bbox 292 2337 328 2381; x_wconf 90' lang='lat' dir='ltr'>ac</span> <span class='ocrx_word' id='word_1_136' title='bbox 343 2319 464 2381; x_wconf 89' lang='lat' dir='ltr'>deinde</span> <span class='ocrx_word' id='word_1_137' title='bbox 476 2317 606 2382; x_wconf 89' lang='lat' dir='ltr'>subdit:</span> <span class='ocrx_word' id='word_1_138' title='bbox 633 2340 648 2376; x_wconf 76' lang='lat' dir='ltr'>c</span> <span class='ocrx_word' id='word_1_139' title='bbox 665 2318 863 2397; x_wconf 79' lang='lat' dir='ltr'>Gredelmibi</span> <span class='ocrx_word' id='word_1_140' title='bbox 875 2337 882 2381; x_wconf 93' lang='lat'><strong>:</strong></span> <span class='ocrx_word' id='word_1_141' title='bbox 896 2319 945 2381; x_wconf 92' lang='lat' dir='ltr'>vel</span> <span class='ocrx_word' id='word_1_142' title='bbox 960 2318 1057 2382; x_wconf 90' lang='lat' dir='ltr'>solidi</span> <span class='ocrx_word' id='word_1_143' title='bbox 1074 2319 1159 2382; x_wconf 89' lang='lat' dir='ltr'>nihil</span> <span class='ocrx_word' id='word_1_144' title='bbox 1172 2320 1280 2383; x_wconf 85' lang='lat' dir='ltr'>afferri</span> 
     </span>
     <span class='ocr_line' id='line_1_22' title="bbox 197 2416 1286 2501; baseline 0.004 -23"><span class='ocrx_word' id='word_1_145' title='bbox 197 2425 342 2498; x_wconf 78' lang='lat' dir='ltr'>«potest</span> <span class='ocrx_word' id='word_1_146' title='bbox 370 2433 430 2498; x_wconf 92' lang='lat' dir='ltr'>pro</span> <span class='ocrx_word' id='word_1_147' title='bbox 458 2422 629 2496; x_wconf 81' lang='lat' dir='ltr'>systemate</span> <span class='ocrx_word' id='word_1_148' title='bbox 657 2416 871 2498; x_wconf 89' lang='lat' dir='ltr'>peripatetico</span> <span class='ocrx_word' id='word_1_149' title='bbox 900 2417 1109 2493; x_wconf 89' lang='lat' dir='ltr'>adstruendo,</span> <span class='ocrx_word' id='word_1_150' title='bbox 1136 2418 1286 2501; x_wconf 79' lang='lat' dir='ltr'>adeoque</span> 
     </span>
     <span class='ocr_line' id='line_1_23' title="bbox 198 2515 1285 2596; baseline 0.004 -20"><span class='ocrx_word' id='word_1_151' title='bbox 198 2539 213 2575; x_wconf 74' lang='lat' dir='ltr'>c</span> <span class='ocrx_word' id='word_1_152' title='bbox 236 2515 433 2596; x_wconf 88' lang='lat' dir='ltr'>simpliciter</span> <span class='ocrx_word' id='word_1_153' title='bbox 448 2517 510 2578; x_wconf 87' lang='lat' dir='ltr'>erit</span> <span class='ocrx_word' id='word_1_154' title='bbox 526 2516 759 2596; x_wconf 87' lang='lat' dir='ltr'>postulandum</span> <span class='ocrx_word' id='word_1_155' title='bbox 775 2534 784 2594; x_wconf 91' lang='grc'><strong>;</strong></span> <span class='ocrx_word' id='word_1_156' title='bbox 800 2516 849 2579; x_wconf 89' lang='lat' dir='ltr'>vel</span> <span class='ocrx_word' id='word_1_157' title='bbox 867 2515 965 2580; x_wconf 90' lang='lat' dir='ltr'>unico</span> <span class='ocrx_word' id='word_1_158' title='bbox 978 2517 1104 2581; x_wconf 90' lang='lat' dir='ltr'>anobis</span> <span class='ocrx_word' id='word_1_159' title='bbox 1119 2519 1218 2583; x_wconf 86' lang='lat' dir='ltr'>allato</span> <span class='ocrx_word' id='word_1_160' title='bbox 1232 2537 1285 2581; x_wconf 89' lang='lat' dir='ltr'>ar·</span> 
     </span>
     <span class='ocr_line' id='line_1_24' title="bbox 197 2613 1283 2698; baseline 0 -24"><span class='ocrx_word' id='word_1_161' title='bbox 197 2638 212 2674; x_wconf 86' lang='lat'><strong>‹</strong></span> <span class='ocrx_word' id='word_1_162' title='bbox 237 2623 392 2694; x_wconf 90' lang='lat' dir='ltr'>gumento</span> <span class='ocrx_word' id='word_1_163' title='bbox 413 2613 489 2677; x_wconf 87' lang='lat' dir='ltr'>satis</span> <span class='ocrx_word' id='word_1_164' title='bbox 512 2624 560 2677; x_wconf 88' lang='lat' dir='ltr'>est</span> <span class='ocrx_word' id='word_1_165' title='bbox 578 2615 774 2698; x_wconf 74' lang='lat' dir='ltr'>roborislad</span> <span class='ocrx_word' id='word_1_166' title='bbox 792 2615 899 2696; x_wconf 89' lang='lat' dir='ltr'>ipsum</span> <span class='ocrx_word' id='word_1_167' title='bbox 915 2615 1177 2680; x_wconf 86' lang='lat' dir='ltr'>confirmandum</span> <span class='ocrx_word' id='word_1_168' title='bbox 1193 2620 1242 2695; x_wconf 78' lang='lat' dir='ltr'>(rt.</span> <span class='ocrx_word' id='word_1_169' title='bbox 1269 2639 1283 2674; x_wconf 69' lang='lat' dir='ltr'>a</span> 
     </span>
     <span class='ocr_line' id='line_1_25' title="bbox 195 2702 1285 2796; baseline -0.001 -19"><span class='ocrx_word' id='word_1_170' title='bbox 195 2702 394 2778; x_wconf 50' lang='lat' dir='ltr'>Hoc&#39;autem</span> <span class='ocrx_word' id='word_1_171' title='bbox 424 2713 558 2774; x_wconf 89' lang='lat' dir='ltr'>unicum</span> <span class='ocrx_word' id='word_1_172' title='bbox 580 2722 821 2795; x_wconf 75' lang='lat' dir='ltr'>argumentum,</span> <span class='ocrx_word' id='word_1_173' title='bbox 851 2714 941 2794; x_wconf 89' lang='lat' dir='ltr'>quod</span> <span class='ocrx_word' id='word_1_174' title='bbox 965 2713 1034 2795; x_wconf 88' lang='lat' dir='ltr'>ipse</span> <span class='ocrx_word' id='word_1_175' title='bbox 1057 2714 1165 2777; x_wconf 82' lang='lat' dir='ltr'>afferri</span> <span class='ocrx_word' id='word_1_176' title='bbox 1189 2733 1285 2796; x_wconf 91' lang='lat' dir='ltr'>posse</span> 
     </span>
     <span class='ocr_line' id='line_1_26' title="bbox 194 2810 1149 2895; baseline 0.002 -20"><span class='ocrx_word' id='word_1_177' title='bbox 194 2817 372 2895; x_wconf 88' lang='lat' dir='ltr'>putaverat,</span> <span class='ocrx_word' id='word_1_178' title='bbox 387 2819 435 2873; x_wconf 90' lang='lat' dir='ltr'>est</span> <span class='ocrx_word' id='word_1_179' title='bbox 446 2821 676 2891; x_wconf 89' lang='lat' dir='ltr'>argumentum</span> <span class='ocrx_word' id='word_1_180' title='bbox 691 2810 905 2875; x_wconf 88' lang='lat' dir='ltr'>auctoritatis.</span> <span class='ocrx_word' id='word_1_181' title='bbox 925 2811 969 2874; x_wconf 87' lang='lat' dir='ltr'>[te</span> <span class='ocrx_word' id='word_1_182' title='bbox 981 2830 1048 2892; x_wconf 87' lang='lat' dir='ltr'>quo</span> <span class='ocrx_word' id='word_1_183' title='bbox 1063 2830 1149 2878; x_wconf 78' lang='lat' dir='ltr'>mox.</span> 
     </span>
    </p>

    <p class='ocr_par' dir='ltr' id='par_1_4' title="bbox 196 2908 1287 3182">
     <span class='ocr_line' id='line_1_27' title="bbox 237 2908 1285 2990; baseline 0 -17"><span class='ocrx_word' id='word_1_184' title='bbox 237 2909 289 2973; x_wconf 78' lang='lat' dir='ltr'>ll.</span> <span class='ocrx_word' id='word_1_185' title='bbox 306 2911 466 2973; x_wconf 84' lang='lat' dir='ltr'>Caeterum</span> <span class='ocrx_word' id='word_1_186' title='bbox 481 2918 671 2989; x_wconf 89' lang='lat' dir='ltr'>argumenta</span> <span class='ocrx_word' id='word_1_187' title='bbox 683 2909 795 2972; x_wconf 92' lang='lat' dir='ltr'>omnia</span> <span class='ocrx_word' id='word_1_188' title='bbox 806 2908 928 2989; x_wconf 87' lang='lat' dir='ltr'>quibus</span> <span class='ocrx_word' id='word_1_189' title='bbox 942 2909 1145 2990; x_wconf 85' lang='lat' dir='ltr'>peripatetici</span> <span class='ocrx_word' id='word_1_190' title='bbox 1160 2920 1285 2973; x_wconf 85' lang='lat' dir='ltr'>veteres</span> 
     </span>
     <span class='ocr_line' id='line_1_28' title="bbox 196 2996 1287 3085; baseline 0.001 -14"><span class='ocrx_word' id='word_1_191' title='bbox 196 3008 372 3071; x_wconf 88' lang='lat' dir='ltr'>utebantur</span> <span class='ocrx_word' id='word_1_192' title='bbox 386 3017 460 3069; x_wconf 88' lang='lat' dir='ltr'>ante</span> <span class='ocrx_word' id='word_1_193' title='bbox 475 3016 609 3070; x_wconf 81' lang='lat' dir='ltr'>&#39;exortas</span> <span class='ocrx_word' id='word_1_194' title='bbox 625 3026 701 3071; x_wconf 91' lang='lat' dir='ltr'>cum</span> <span class='ocrx_word' id='word_1_195' title='bbox 718 3007 880 3081; x_wconf 86' lang='lat' dir='ltr'>atomistis</span> <span class='ocrx_word' id='word_1_196' title='bbox 896 2996 1144 3085; x_wconf 86' lang='lat' dir='ltr'>controversias,</span> <span class='ocrx_word' id='word_1_197' title='bbox 1160 3010 1199 3071; x_wconf 89' lang='lat' dir='ltr'>ad</span> <span class='ocrx_word' id='word_1_198' title='bbox 1216 3010 1287 3073; x_wconf 81' lang='lat' dir='ltr'>baec</span> 
     </span>
     <span class='ocr_line' id='line_1_29' title="bbox 196 3106 420 3182; baseline -0.009 -12"><span class='ocrx_word' id='word_1_199' title='bbox 196 3106 420 3182; x_wconf 83' lang='lat' dir='ltr'>reducuntur3</span> 
     </span>
    </p>

    <p class='ocr_par' dir='ltr' id='par_1_5' title="bbox 197 3203 1289 3466">
     <span class='ocr_line' id='line_1_30' title="bbox 239 3203 1285 3272; baseline 0.005 -6"><span class='ocrx_word' id='word_1_200' title='bbox 239 3206 271 3266; x_wconf 84' lang='lat' dir='ltr'>l⁰</span> <span class='ocrx_word' id='word_1_201' title='bbox 294 3204 399 3269; x_wconf 88' lang='lat' dir='ltr'>Homo</span> <span class='ocrx_word' id='word_1_202' title='bbox 411 3212 538 3268; x_wconf 89' lang='lat' dir='ltr'>constat</span> <span class='ocrx_word' id='word_1_203' title='bbox 562 3203 666 3269; x_wconf 80' lang='lat' dir='ltr'>forma</span> <span class='ocrx_word' id='word_1_204' title='bbox 691 3204 896 3268; x_wconf 88' lang='lat' dir='ltr'>substantiali</span> <span class='ocrx_word' id='word_1_205' title='bbox 921 3213 956 3267; x_wconf 92' lang='lat' dir='ltr'>ut</span> <span class='ocrx_word' id='word_1_206' title='bbox 979 3205 1155 3270; x_wconf 86' lang='lat' dir='ltr'>intrinseca</span> <span class='ocrx_word' id='word_1_207' title='bbox 1177 3225 1285 3272; x_wconf 87' lang='lat' dir='ltr'>cansa.</span> 
     </span>
     <span class='ocr_line' id='line_1_31' title="bbox 197 3302 1289 3384; baseline 0 -16"><span class='ocrx_word' id='word_1_208' title='bbox 197 3302 253 3368; x_wconf 83' lang='lat' dir='ltr'>Est</span> <span class='ocrx_word' id='word_1_209' title='bbox 267 3303 356 3364; x_wconf 90' lang='lat' dir='ltr'>enim</span> <span class='ocrx_word' id='word_1_210' title='bbox 371 3304 479 3366; x_wconf 91' lang='lat' dir='ltr'>anima</span> <span class='ocrx_word' id='word_1_211' title='bbox 496 3303 631 3366; x_wconf 89' lang='lat' dir='ltr'>humani</span> <span class='ocrx_word' id='word_1_212' title='bbox 656 3304 806 3384; x_wconf 87' lang='lat' dir='ltr'>corporis</span> <span class='ocrx_word' id='word_1_213' title='bbox 821 3302 938 3369; x_wconf 83' lang='lat' dir='ltr'>forma.</span> <span class='ocrx_word' id='word_1_214' title='bbox 956 3302 1040 3384; x_wconf 84' lang='lat' dir='ltr'>Ergo</span> <span class='ocrx_word' id='word_1_215' title='bbox 1053 3314 1085 3366; x_wconf 89' lang='lat' dir='ltr'>at</span> <span class='ocrx_word' id='word_1_216' title='bbox 1106 3322 1158 3367; x_wconf 90' lang='lat' dir='ltr'>res</span> <span class='ocrx_word' id='word_1_217' title='bbox 1171 3322 1289 3368; x_wconf 87' lang='lat' dir='ltr'>omnes</span> 
     </span>
     <span class='ocr_line' id='line_1_32' title="bbox 197 3401 374 3466; baseline -0.006 0"><span class='ocrx_word' id='word_1_218' title='bbox 197 3401 374 3466; x_wconf 90' lang='lat' dir='ltr'>naturales.</span> 
     </span>
    </p>

    <p class='ocr_par' dir='ltr' id='par_1_6' title="bbox 197 3497 1291 3679">
     <span class='ocr_line' id='line_1_33' title="bbox 240 3497 1288 3575; baseline 0.002 -15"><span class='ocrx_word' id='word_1_219' title='bbox 240 3497 273 3560; x_wconf 71' lang='lat'>2⁰</span> <span class='ocrx_word' id='word_1_220' title='bbox 290 3498 329 3570; x_wconf 67' lang='lat' dir='ltr'>⁴Si</span> <span class='ocrx_word' id='word_1_221' title='bbox 346 3516 412 3561; x_wconf 93' lang='lat' dir='ltr'>non</span> <span class='ocrx_word' id='word_1_222' title='bbox 427 3507 511 3561; x_wconf 88' lang='lat' dir='ltr'>esset</span> <span class='ocrx_word' id='word_1_223' title='bbox 533 3498 638 3561; x_wconf 84' lang='lat' dir='ltr'>forma</span> <span class='ocrx_word' id='word_1_224' title='bbox 661 3499 895 3575; x_wconf 90' lang='lat' dir='ltr'>substantialis,</span> <span class='ocrx_word' id='word_1_225' title='bbox 919 3518 1034 3564; x_wconf 88' lang='lat' dir='ltr'>omnes</span> <span class='ocrx_word' id='word_1_226' title='bbox 1049 3519 1100 3563; x_wconf 89' lang='lat' dir='ltr'>res</span> <span class='ocrx_word' id='word_1_227' title='bbox 1122 3500 1288 3565; x_wconf 87' lang='lat' dir='ltr'>naturales</span> 
     </span>
     <span class='ocr_line' id='line_1_34' title="bbox 197 3596 1291 3679; baseline 0 -18"><span class='ocrx_word' id='word_1_228' title='bbox 197 3606 308 3661; x_wconf 83' lang='lat' dir='ltr'>assent</span> <span class='ocrx_word' id='word_1_229' title='bbox 322 3597 442 3659; x_wconf 86' lang='lat' dir='ltr'>caedem</span> <span class='ocrx_word' id='word_1_230' title='bbox 459 3597 641 3659; x_wconf 88' lang='lat' dir='ltr'>secundum</span> <span class='ocrx_word' id='word_1_231' title='bbox 652 3596 880 3673; x_wconf 86' lang='lat' dir='ltr'>substantiam,</span> <span class='ocrx_word' id='word_1_232' title='bbox 890 3617 964 3661; x_wconf 90' lang='lat' dir='ltr'>cum</span> <span class='ocrx_word' id='word_1_233' title='bbox 982 3598 1119 3662; x_wconf 87' lang='lat' dir='ltr'>materie</span> <span class='ocrx_word' id='word_1_234' title='bbox 1132 3598 1291 3679; x_wconf 87' lang='lat' dir='ltr'>primasit</span> 
     </span>
    </p>
   </div>
   <div class='ocr_carea' id='block_1_3' title="bbox 99 3695 835 3769">
    <p class='ocr_par' dir='ltr' id='par_1_7' title="bbox 99 3695 835 3769">
     <span class='ocr_line' id='line_1_35' title="bbox 99 3695 835 3769; baseline 0.001 -11"><span class='ocrx_word' id='word_1_235' title='bbox 99 3720 103 3725; x_wconf 94' lang='lat'><em>·</em></span> <span class='ocrx_word' id='word_1_236' title='bbox 199 3712 276 3769; x_wconf 88' lang='lat' dir='ltr'>una,</span> <span class='ocrx_word' id='word_1_237' title='bbox 293 3702 325 3756; x_wconf 90' lang='lat' dir='ltr'>et</span> <span class='ocrx_word' id='word_1_238' title='bbox 339 3695 688 3758; x_wconf 86' lang='lat' dir='ltr'>communisomninm</span> <span class='ocrx_word' id='word_1_239' title='bbox 712 3713 835 3761; x_wconf 82' lang='lat' dir='ltr'>rerum.</span> 
     </span>
    </p>
   </div>
   <div class='ocr_carea' id='block_1_4' title="bbox 239 3792 1288 3874">
    <p class='ocr_par' dir='ltr' id='par_1_8' title="bbox 239 3792 1288 3874">
     <span class='ocr_line' id='line_1_36' title="bbox 239 3792 1288 3874; baseline 0.002 -20"><span class='ocrx_word' id='word_1_240' title='bbox 239 3793 273 3854; x_wconf 72' lang='lat'>5⁰</span> <span class='ocrx_word' id='word_1_241' title='bbox 287 3792 382 3856; x_wconf 89' lang='lat' dir='ltr'>Nulla</span> <span class='ocrx_word' id='word_1_242' title='bbox 398 3794 476 3856; x_wconf 89' lang='lat' dir='ltr'>item</span> <span class='ocrx_word' id='word_1_243' title='bbox 499 3802 583 3856; x_wconf 87' lang='lat' dir='ltr'>esset</span> <span class='ocrx_word' id='word_1_244' title='bbox 600 3792 766 3874; x_wconf 89' lang='lat' dir='ltr'>generatio</span> <span class='ocrx_word' id='word_1_245' title='bbox 789 3793 1025 3858; x_wconf 84' lang='lat' dir='ltr'>substantialis.</span> <span class='ocrx_word' id='word_1_246' title='bbox 1048 3794 1130 3858; x_wconf 90' lang='lat' dir='ltr'>Nam</span> <span class='ocrx_word' id='word_1_247' title='bbox 1152 3794 1288 3858; x_wconf 87' lang='lat' dir='ltr'>materia</span> 
     </span>
    </p>
   </div>
   <div class='ocr_carea' id='block_1_5' title="bbox 228 4006 1066 4069">
    <p class='ocr_par' dir='ltr' id='par_1_9' title="bbox 228 4006 1066 4069">
     <span class='ocr_line' id='line_1_37' title="bbox 228 4006 1066 4069; baseline 0.006 -16"><span class='ocrx_word' id='word_1_248' title='bbox 228 4007 261 4063; x_wconf 82' lang='lat' dir='ltr'>(ll</span> <span class='ocrx_word' id='word_1_249' title='bbox 271 4006 332 4054; x_wconf 76' lang='lat' dir='ltr'>Pttt</span> <span class='ocrx_word' id='word_1_250' title='bbox 344 4009 429 4056; x_wconf 82' lang='lat' dir='ltr'>mentia</span> <span class='ocrx_word' id='word_1_251' title='bbox 439 4015 462 4056; x_wconf 87' lang='lat' dir='ltr'>et</span> <span class='ocrx_word' id='word_1_252' title='bbox 471 4019 594 4058; x_wconf 68' lang='lat' dir='ltr'>tensauro·</span> <span class='ocrx_word' id='word_1_253' title='bbox 608 4009 707 4056; x_wconf 82' lang='lat' dir='ltr'>Dissert.</span> <span class='ocrx_word' id='word_1_254' title='bbox 717 4009 780 4058; x_wconf 82' lang='lat' dir='ltr'>vtlt.</span> <span class='ocrx_word' id='word_1_255' title='bbox 794 4008 863 4069; x_wconf 82' lang='lat' dir='ltr'>Phys.</span> <span class='ocrx_word' id='word_1_256' title='bbox 873 4023 929 4068; x_wconf 88' lang='lat' dir='ltr'>gen.</span> <span class='ocrx_word' id='word_1_257' title='bbox 940 4012 1023 4060; x_wconf 85' lang='lat' dir='ltr'>Conci.</span> <span class='ocrx_word' id='word_1_258' title='bbox 1034 4012 1066 4061; x_wconf 80' lang='lat' dir='ltr'>ll.</span> 
     </span>
    </p>
   </div>
   <div class='ocr_carea' id='block_1_6' title="bbox 0 0 1416 4600">
    <p class='ocr_par' dir='ltr' id='par_1_10' title="bbox 0 0 1416 4600">
     <span class='ocr_line' id='line_1_38' title="bbox 0 0 1416 4600; baseline 0 0"><span class='ocrx_word' id='word_1_259' title='bbox 0 0 1416 4600; x_wconf 95' lang='lat' dir='ltr'> </span> 
     </span>
    </p>
   </div>
  </div>
 </body>
</html>
