2792 4600
372 637 675 741 tttttllsttt
710 639 953 743 tltltttltls

640 870 690 912 sau
762 922 765 926 ¹

537 1029 798 1101 ourotoott.

168 1222 199 1284 l.
215 1220 389 1300 Ontologia
404 1232 452 1282 est
469 1221 598 1284 scientio
618 1236 732 1291 rerum,
754 1218 861 1298 prouti
877 1219 1053 1280 notionibus
1081 1225 1221 1286 maxime

125 1317 283 1380 abstractis
297 1317 490 1380 exhiberetur.
508 1317 563 1380 tle
580 1333 681 1397 porro
700 1315 851 1378 notiones
866 1316 900 1376 in
921 1316 981 1377 hec
997 1318 1132 1381 scientia
1149 1338 1218 1384 non

125 1415 378 1478 considerantur
391 1416 561 1498 subjective,
581 1416 603 1477 i.
622 1432 650 1477 e.
662 1423 697 1476 nt
713 1423 789 1475 sunt
804 1414 923 1474 mentis
938 1424 1028 1476 actus
1040 1433 1077 1477 ac
1094 1419 1216 1496 proles,

126 1512 183 1575 sed
198 1513 349 1594 objector,
365 1513 387 1576 i.
404 1532 433 1576 c.
452 1514 486 1575 in
506 1531 546 1577 eo
566 1512 656 1593 quod
677 1519 910 1597 repraesentant
929 1520 961 1572 et
975 1514 1147 1577 continent
1162 1536 1220 1578 ex-

128 1626 287 1692 pressum.
309 1613 393 1677 ldere
411 1612 474 1675 hoc
489 1611 589 1672 modo
611 1616 761 1690 spectatae
783 1607 940 1668 dicuntur
962 1622 1119 1691 conceptus
1138 1614 1221 1694 cuju.

125 1711 211 1784 cturi,
232 1720 312 1774 uotoe
334 1730 391 1773 seu
413 1710 547 1772 rutioues
572 1708 734 1788 objectum,
754 1724 913 1787 rerumque
936 1710 1218 1789 couceptibilitates,

129 1824 188 1888 per
198 1826 279 1890 quas
290 1809 415 1889 obiecta
427 1807 663 1888 cognoscibilia
675 1815 752 1869 sunt
763 1813 795 1867 et
809 1815 1063 1884 cognoscuntur,
1079 1810 1220 1889 quaeque

127 1905 169 1968 ab
184 1907 265 1988 ipsis
281 1906 417 1989 objectis
433 1907 553 1969 mentis
565 1907 759 1986 precisione
771 1903 1017 1967 abstrahuntur.

168 2005 199 2069 li.
221 2007 266 2069 Ex
286 2009 338 2069 his
360 2007 529 2086 objectiris
546 2006 731 2069 rationibus
750 2023 803 2067 eas
819 2001 882 2067 sihi
900 2006 1037 2067 assumit
1051 2009 1222 2088 ontologis

128 2104 429 2186 indagandassquae
445 2115 521 2167 sunt
537 2104 679 2166 maxime
701 2104 880 2176 abstractu,
898 2121 1017 2184 nempe
1046 2112 1115 2167 tum
1146 2126 1222 2187 quae

128 2203 240 2264 omnia
252 2220 363 2266 rerum
375 2204 668 2266 determinatarum
681 2203 1054 2281 generatranscendnnt
1066 2213 1134 2264 tum
1148 2223 1223 2285 quae

128 2318 167 2363 ex
184 2302 235 2365 his
252 2302 560 2366 transcendentibus
579 2310 751 2381 emergunt
766 2301 855 2379 (Log.
870 2298 936 2376 56).
953 2300 1030 2373 Quae
1052 2302 1185 2381 quidem
1202 2321 1223 2365 a

128 2403 255 2464 ceteris
265 2403 423 2466 differunt
450 2417 516 2464 non
538 2400 636 2463 modo
657 2398 767 2479 quoad
789 2397 1042 2477 amplitudinem
1069 2417 1161 2460 suam
1179 2403 1224 2480 ‘et

131 2500 486 2584 indeterminationem‚
511 2486 691 2561 sedetiam
713 2496 791 2576 quia
813 2495 980 2568 omnibus,
1005 2498 1062 2576 qui
1092 2498 1223 2561 ratione

131 2599 266 2678 pollent,
288 2616 479 2662 communes
507 2605 594 2671 sunt,
617 2605 649 2658 et
674 2595 714 2656 ad
739 2594 877 2656 rationis
899 2594 1092 2656 exercitium
1123 2597 1222 2677 plene

131 2695 335 2772 necessariae;
358 2696 392 2756 id
413 2688 500 2776 quod
531 2695 571 2756 de
593 2694 677 2755 ideis
701 2709 857 2772 generum
880 2701 912 2754 et
937 2694 1120 2773 specierum
1152 2696 1220 2778 clici

130 2795 255 2875 nequit.
273 2794 424 2857 Invenire
440 2795 529 2856 enim
547 2795 669 2873 poteris
686 2794 849 2865 homines,
867 2791 988 2872 quibus
1005 2809 1069 2854 non
1087 2795 1128 2855 sit
1147 2795 1222 2857 idea

129 2893 346 2974 quarumdam
362 2891 518 2955 arborum
534 2903 565 2953 et
579 2890 786 2964 animalium,
804 2890 975 2969 multoque
991 2892 1094 2971 magis
1106 2893 1224 2956 ‹torno-

130 3005 215 3063 rum,
240 2990 387 3065 urbium,
413 2989 557 3064 navium,
585 3003 764 3069 rerumque
791 2988 842 3050 his
865 2989 1045 3064 similiom;
1074 2991 1222 3055 invenies

131 3090 197 3151 imo
217 3089 275 3168 qui
298 3097 432 3168 propter
448 3088 593 3149 nativum
612 3088 775 3149 sensitivae
796 3089 950 3167 potentiae
970 3088 1132 3150 detectum
1163 3109 1223 3152 ne·

129 3186 234 3248 sciant
245 3185 326 3266 quid
340 3187 405 3248 sint
416 3185 544 3248 colores
558 3194 613 3247 aut
624 3186 711 3260 soni,
725 3194 756 3246 et
768 3184 989 3247 nihilominus
1004 3188 1123 3248 multas
1137 3192 1222 3252 veri·

129 3292 209 3346 tates
229 3293 444 3363 cognoscunt,
462 3300 500 3345 ac
514 3282 556 3343 de
578 3283 691 3343 multis
707 3281 956 3344 ratiocinantur.
974 3283 1035 3346 Sed
1052 3288 1221 3350 neminem

130 3382 288 3457 invenies,
317 3382 374 3462 qui
406 3381 489 3443 ideis
519 3380 832 3458 entis‚'veri,·boni‚
855 3384 989 3443 unitatis
1018 3393 1049 3445 et
1077 3389 1222 3463 nunteri,

129 3479 319 3542 substantiae
351 3488 383 3542 et
411 3496 532 3555 causae,
565 3480 735 3560 possibilis
764 3490 795 3542 et
827 3482 1044 3562 impossibilis
1080 3485 1223 3564 aliisque

131 3578 322 3658 hujusmodi
344 3580 390 3639 sit⁴
407 3577 594 3640 destitutus.
617 3576 712 3650 Quod
735 3579 762 3639 si
785 3580 860 3658 quis
884 3579 934 3638 his
960 3589 1095 3655 careret,
1121 3585 1155 3643 in
1181 3601 1224 3648 eo

129 3677 213 3740 ratio
229 3678 279 3740 vel
296 3693 466 3757 nunquam
481 3677 676 3757 evigilasset,
693 3677 742 3738 vel
763 3678 902 3738 extincte
919 3679 1016 3757 plane
1029 3678 1122 3740 foret.
1141 3679 1222 3751 out·

129 3792 271 3857 cumque
300 3778 391 3839 enim
419 3777 546 3838 ratione
576 3776 755 3838 instructus
776 3786 835 3850 est,
860 3779 1041 3838 naturalem
1064 3778 1163 3840 hahet
1183 3798 1223 3842 ac
1282 3767 1284 3770 ’

130 3874 346 3937 necessariam
360 3874 398 3935 ad
414 3875 472 3936 hes
485 3874 573 3935 ideas
586 3872 804 3936 efformandas
816 3874 1078 3955 dispositionem.
1093 3876 1223 3943 lociroo

132 3974 180 4035 he
197 3973 289 4055 ipsse
317 3973 469 4037 notiones
498 3973 685 4037 essentiales
717 3974 861 4052 noniano
892 3976 1069 4036 intellectui
1101 3978 1230 4041 merito*

132 4074 299 4136 dicuntur.
317 4071 478 4143 Quoniam
491 4090 566 4135 vero
584 4074 675 4135 notio
687 4076 763 4135 eutis
779 4092 815 4134 ee
830 4081 877 4135 est
892 4074 1043 4155 adquam
1059 4093 1223 4156 supremoe
