2792 4600
480 331 567 376 tinen
588 331 709 392 antuus,
734 331 827 378 carna
849 332 873 379 1.
1196 318 1234 383 ll

141 461 229 524 entis
261 470 456 543 conceptum
474 462 519 540 (L.
536 460 587 541 46)
603 480 611 526 ;
630 476 834 544 quapropter
863 482 927 527 noo
950 473 1026 527 suut
1046 465 1239 529 differentiae

141 554 263 622 ra'ticni
291 564 376 621 entis
400 560 543 639 adjectae,
560 563 616 622 seu
633 559 836 636 differentiae,
855 580 927 642 quae
957 563 1062 644 ipsam
1088 567 1173 627 entis
1189 583 1238 627 ra·

140 660 267 722 tionem
284 661 317 720 iu
330 661 468 720 diversis
481 659 795 738 uiversam‚lacrunt.
812 661 879 722 llos
892 662 991 740 igitur
1000 674 1031 724 et
1048 665 1104 726 hic
1119 666 1236 727 modus
1312 744 1315 749 ἱ

141 759 273 819 essendi
286 777 341 838 per
355 778 384 818 aa
400 776 465 820 uon
481 769 558 820 suut
573 762 646 820 ‹luae
676 762 821 821 rationes
849 761 1008 838 objectiva
1024 762 1185 824 distincta
1200 781 1238 825 ac

141 855 290 930 diverse,
300 873 373 936 quae
384 861 483 917 simul
497 868 751 936 componantur,
761 859 818 927 scd
833 875 897 918 una
910 870 1036 919 tantum
1048 876 1085 920 ac
1097 861 1238 940 simplex

141 955 348 1034 rati0,quarn
366 971 468 1028 ruens,
483 972 561 1035 qora
577 958 672 1014 aliter
686 972 754 1016 noo
772 962 940 1034 potestati
954 958 1090 1018 rnotlum
1102 976 1237 1038 compo·

119 1041 121 1044 ⁴
138 1052 281 1114 sitorum
298 1054 449 1134 explicat,
477 1055 683 1133 distinguens
700 1054 839 1114 dirersis
854 1057 1079 1136 conceptrbus,
1098 1057 1131 1116 irl
1147 1057 1236 1136 quod

137 1162 203 1227 est,
219 1157 398 1214 atmodum
414 1171 480 1232 quo
492 1165 551 1213 est.
570 1152 649 1213 lteru
665 1156 768 1215 (licito
784 1155 824 1214 tle
840 1166 913 1215 ente
929 1173 946 1214 a
962 1173 997 1216 se
1012 1166 1044 1216 et
1058 1156 1099 1215 ab
1114 1156 1193 1217 elio.

186 1249 236 1312 to.
260 1247 389 1325 Quaeres
405 1260 572 1332 quomodo
589 1265 733 1314 rationes
750 1256 909 1332 objective
925 1256 1059 1315 diversae
1077 1272 1143 1316 uno
1158 1272 1236 1316 con·

137 1360 240 1430 ceptu
265 1350 405 1430 exprimi
433 1353 570 1428 possint.
589 1352 798 1432 uesperum,
823 1354 998 1412 humanam
1016 1364 1157 1414 mentem
1174 1354 1236 1414 du·

143 1448 223 1528 plici
240 1454 339 1512 morlo
367 1468 477 1512 rerum
501 1454 644 1512 ratioues
672 1453 921 1530 apprehendere
935 1468 943 1514 z
958 1452 1171 1513 determinate
1187 1450 1235 1513 vi·

139 1548 274 1624 delicet,
289 1540 432 1611 etaltera
448 1552 488 1610 ab
501 1552 601 1611 altera
617 1552 784 1622 distincta,
807 1551 857 1610 vel
874 1552 1235 1634 indeterminatamque

140 1648 278 1712 alteram
302 1650 342 1710 ab
369 1652 471 1711 altera
493 1667 559 1710 non
584 1649 831 1726 distinguendo.
850 1647 952 1728 lgrtur
967 1650 994 1709 si
1013 1651 1120 1730 primo
1137 1655 1235 1716 morlo

127 1748 292 1810 'entitates
316 1737 459 1810 diversas
485 1749 771 1826 metts'lutellrglt,
801 1748 947 1827 prolecto
976 1754 1121 1812 diversos
1139 1752 1235 1815 habet
1330 1815 1333 1819 ,

64 1846 68 1850 ’
141 1858 332 1928 conceptus,
350 1862 427 1928 puta
453 1848 537 1907 antis
567 1847 651 1907 liniti
679 1860 710 1907 et
738 1845 870 1923 lolium,
888 1847 1077 1909 substantiae
1093 1858 1124 1910 et
1149 1852 1235 1912 acci·

141 1945 337 2028 dentis3qui
354 1967 429 2009 cum
444 1949 503 2008 bae
511 1947 787 2008 determinatione
802 1948 945 2027 expressi
955 1947 1100 2009 inunum
1116 1967 1234 2012 conce·

143 2053 234 2126 ptum
250 2049 405 2126 componi
424 2064 489 2108 uon
507 2059 655 2127 possunt.
673 2046 707 2107 Si
725 2065 801 2109 vero
814 2065 865 2107 res
878 2038 944 2107 noo
961 2048 1103 2127 concipit
1116 2065 1233 2109 secun·

141 2145 221 2206 dum
237 2128 420 2226 proprium,
431 2164 529 2226 quent
547 2140 668 2207 habent
684 2147 718 2205 in
734 2164 780 2219 se,
797 2164 834 2207 ac
850 2148 1103 2208 determinatum
1115 2149 1233 2209 eutita-

142 2244 184 2305 tis
200 2247 348 2321 modum,
365 2248 421 2307 sed
438 2246 690 2308 indeterminate
707 2246 815 2309 solum
832 2257 862 2307 et
879 2246 1025 2321 confuse,
1046 2257 1144 2326 prout
1157 2256 1233 2310 suut

118 2364 120 2369 ·
141 2343 268 2423 aliquid
284 2345 423 2407 anihilo
439 2347 643 2417 distinctum,
661 2356 759 2424 atque
774 2347 900 2423 aliquid
914 2346 1137 2425 intelligibile,
1157 2360 1234 2409 tunc

58 2509 63 2518 ,
141 2457 244 2514 uuum
260 2446 344 2505 entis
360 2459 555 2524 conceptum
569 2446 948 2525 ellormat3quiauempe
956 2445 1099 2506 rationes
1108 2447 1233 2507 entium

141 2522 289 2619 divarsae,
307 2554 404 2622 prout
420 2561 492 2605 cum
510 2546 569 2603 hac
584 2534 937 2603 indeterminatloneet
951 2543 1170 2606 abstractione
1184 2546 1233 2604 in·

78 2630 79 2633 ¹
141 2638 617 2723 telliguutur,convenientiam
630 2642 716 2702 inter
728 2661 763 2702 se
777 2643 908 2716 liabent,
920 2651 951 2702 et
965 2641 999 2702 io
1013 2659 1111 2703 unam
1125 2643 1232 2704 ideam

139 2732 339 2804 coalescunt.

181 2842 232 2906 tl.
255 2840 319 2903 Sed
347 2847 381 2902 ut
410 2838 494 2901 entis
521 2830 699 2917 conceptus
723 2839 765 2899 sit
795 2855 892 2912 uuus,
910 2838 993 2900 ratio
1009 2847 1116 2900 tamen
1137 2839 1230 2926 obje-

140 2942 223 3004 ctiva
234 2939 377 3002 entitatis
394 2958 460 3001 non
476 2948 524 3000 est
536 2956 599 3000 una
613 2940 646 2998 in
660 2938 815 2999 omnibus
831 2955 904 3018 quae
920 2940 981 2999 sub
995 2939 1079 2998 eutis
1096 2939 1231 3002 notione

139 3039 481 3121 eomprelrenduutur3
508 3056 545 3099 ac
561 3049 735 3119 propterea
750 3037 835 3099 eutis
851 3038 943 3100 notio
969 3056 1077 3118 neque
1093 3041 1232 3101 univoca

139 3151 189 3204 est
218 3157 326 3220 neque
355 3139 490 3219 proprie
506 3140 711 3210 universalis,
729 3140 786 3198 seu
803 3138 914 3198 omnia
930 3156 1048 3217 genera
1064 3149 1232 3200 transceu-

138 3241 234 3303 dens.
264 3237 344 3310 uuio
362 3237 457 3318 ergo?
473 3238 573 3312 dices,
590 3236 695 3312 eritne
713 3240 775 3299 hoc
805 3255 925 3299 nomen
940 3256 993 3297 aaa
1008 3238 1233 3318 aequivocum?

141 3340 356 3421 Respondeo:
375 3356 441 3399 nou
458 3355 535 3398 sane
550 3326 751 3415 aequivocum
773 3353 862 3408 casu,
880 3335 922 3396 ita
940 3347 974 3397 ut
990 3336 1125 3399 fortuito
1140 3357 1231 3401 com·

141 3456 240 3501 mune
256 3437 298 3500 sit
324 3437 487 3517 pluribus,
505 3437 560 3498 sed
574 3435 779 3516 equivocum
794 3436 947 3511 consilio,
966 3437 989 3499 i.
1006 3456 1035 3501 a.
1055 3439 1231 3518 analogum

183 3636 233 3700 18.
256 3614 418 3701 Ad⁴hano
434 3653 534 3715 porro
550 3634 732 3713 analogiam
748 3645 834 3696 recte
851 3634 1100 3713 intelligendam
1116 3645 1230 3697 notan·

109 3766 110 3770 =
141 3737 283 3799 domest
307 3736 337 3798 l·
353 3738 387 3797 in
417 3737 458 3798 iis
480 3754 552 3816 quae
568 3737 704 3814 analoga
722 3744 810 3807 sunt,
826 3735 1047 3797 communiter
1061 3753 1163 3796 uuum
1190 3756 1230 3799 ex

140 3835 285 3915 analogis
302 3834 422 3896 habere
437 3836 499 3897 sibi
516 3834 729 3896 intrinsecam
746 3832 884 3894 sormam
900 3849 978 3893 voce
993 3832 1227 3915 significatam

141 3941 256 3995 catera
271 3951 347 3996 vero
364 3951 429 3996 noo
447 3934 502 4006 ita,
520 3934 576 3995 sed
603 3934 724 3994 habere
739 3934 847 3993 solum
865 3932 1057 3992 relationem
1074 3933 1112 3992 ad
1130 3933 1227 4010 illud,

142 4033 188 4093 rel
205 4031 453 4114 proportionem
471 4048 546 4093 cum
562 4031 621 4093 illo
649 4030 694 4107 (t.
722 4028 841 4107 66,68).
859 4026 963 4100 Quare
978 4031 1091 4091 eadam
1108 4050 1167 4093 vox
1184 4033 1229 4095 ita

134 4145 137 4148 ·
1055 4130 1077 4167 l.
