2792 4600
451 373 537 423 traua
559 377 679 437 rarum,
704 377 798 427 carur
821 383 865 427 rn.
1139 368 1197 433 261

110 489 323 572 compositio,
346 490 380 552 2⁰
402 492 599 555 mutationes
620 493 721 556 unius
753 496 902 575 corporis
931 498 965 560 in
988 500 1091 577 aliud,
1110 502 1200 583 quod

109 588 466 669 qualitatessoneiltilas
478 610 495 653 a
506 591 602 671 primi
612 593 826 674 qualitatihus
841 595 1060 679 diversasproe
1075 618 1108 661 se
1124 599 1198 664 fert.

112 685 386 750 deraemistae
402 690 616 769 proprietates
629 709 696 754 nou
709 701 785 755 sunt
798 693 830 754 in
846 695 981 773 atomis;
997 700 1064 760 imo
1080 698 1200 763 diserte

111 802 270 865 negamus
282 805 336 849 eas
350 787 563 868 proprietates
577 790 618 853 iis
635 790 753 854 inesse.
770 790 873 872 Igitur
884 800 985 857 atomi
998 812 1065 859 non
1082 798 1215 877 incon·'
1261 842 1263 844 >

112 900 195 965 grue
204 884 413 966 assignantur
427 897 463 949 ut
478 905 656 968 corporum
668 890 890 955 constitutiva.
1071 880 1074 883 ⁴

53 1035 55 1040 .
152 980 219 1044 Neo
238 983 360 1045 mirum
380 995 428 1047 est
443 985 631 1049 essentiales
646 1005 824 1068 corporum
840 991 1063 1070 proprietates.
1089 1003 1219 1058 exten·

3 1155 4 1164 ἵ
109 1077 240 1143 sionem
256 1098 294 1143 ac
313 1081 486 1145 resistendi
502 1085 580 1159 vim,
599 1086 696 1147 etiam
719 1088 752 1147 in
771 1088 887 1150 atomis
902 1089 1056 1153 inveniri.
1081 1091 1199 1155 Mirum

3 1171 9 1208 5*
111 1180 202 1242 enim
218 1197 285 1243 non
301 1189 360 1257 est,
383 1190 551 1245 extensum
569 1186 790 1266 compositum
806 1196 956 1251 constare
971 1190 1200 1271 incompositis

111 1279 255 1341 extensis
272 1296 280 1344 ε
304 1289 336 1342 ot
347 1280 568 1344 necessarium
588 1290 646 1358 est,
673 1286 894 1366 compositum
910 1287 1065 1351 resistens
1080 1308 1118 1352 or
1133 1290 1199 1353 ele-

111 1376 233 1439 mentis
247 1376 475 1440 resistentibus
488 1357 682 1444 coalescere.
704 1397 706 1402 ’

154 1474 227 1539 118.
251 1476 296 1541 aa
314 1475 366 1539 his
382 1484 479 1557 patet,
497 1478 625 1541 nullutn
643 1480 773 1560 pondus
789 1481 910 1546 habere
922 1467 1080 1565 ¹puritates
1094 1485 1198 1549 addu-

110 1582 190 1637 ctas.
204 1572 265 1645 Qui
279 1575 368 1637 anim
384 1595 413 1638 v.
426 1593 476 1656 gr.
491 1577 670 1657 assignaret
686 1597 799 1659 parvas
814 1581 930 1645 domos
943 1593 976 1646 ut
989 1583 1107 1647 domus
1122 1604 1200 1649 ocn-

109 1673 267 1747 stitutiva,
290 1676 388 1738 stulte
409 1675 610 1756 loqueretur,
641 1676 719 1757 quia
737 1683 969 1759 componentia
991 1682 1031 1744 ab
1060 1700 1099 1746 eo
1121 1685 1201 1746 assi·

108 1781 206 1853 gnata
228 1774 367 1837 univoce
389 1777 602 1837 convenirent
624 1794 699 1838 curn
729 1779 926 1858 coraposito,
956 1798 1059 1862 eaque
1088 1783 1199 1846 omnia

112 1874 282 1948 haberent,
296 1875 423 1938 ratione
434 1892 577 1957 quorum
586 1877 760 1956 compositi
773 1878 981 1942 constitutiva
993 1890 1197 1959 queruntur.

110 1974 152 2039 At
167 1990 234 2035 non
257 1973 366 2049 stulte,
389 1973 445 2036 sed
467 1973 632 2053 sapienter
654 1974 856 2055 loqueretur,
880 1976 906 2038 si
930 1976 1064 2053 diceret,
1082 1978 1199 2041 domus

111 2071 321 2134 constitutiva
338 2089 406 2134 esse
427 2071 554 2151 lepidos
576 2080 606 2134 at
624 2083 792 2147 caementa,
817 2091 1004 2155 quanquam
1027 2074 1154 2155 lapides
1169 2087 1200 2139 et

109 2178 269 2234 caementa
280 2171 408 2252 aliquas
424 2190 497 2233 cum
511 2170 836 2253 domcproprietates
849 2174 1198 2240 communeshabeant.

153 2268 225 2335 119.
248 2268 314 2333 Nec
329 2288 345 2331 a
362 2269 529 2351 proposita
541 2268 723 2350 questione
737 2270 938 2335 aberramus.
953 2269 1095 2344 Questio
1110 2273 1199 2337 enim

6 2438 7 2443 ,
110 2370 281 2452 proposita
304 2370 424 2451 duplex
444 2380 504 2434 est.
528 2376 558 2438 1·
573 2388 671 2452 quam
694 2387 809 2434 ornnes
826 2381 1038 2450 proponunt:
1059 2389 1200 2452 quonam

6 2466 17 2507 ¹*
106 2470 346 2558 simecrporatm
358 2471 545 2535 sensibilium
559 2471 771 2534 constitutiva.
789 2469 846 2531 Cui
871 2469 1109 2550 respondemus
1124 2487 1199 2532 cum

108 2567 276 2641 chimicis,
293 2585 363 2631 osse
379 2575 515 2632 atomos.
528 2569 558 2631 1·
587 2585 686 2650 quam
700 2567 836 2648 quidam
849 2574 1039 2648 proponunt
1055 2567 1200 2648 philoso-

7 2744 8 2751 ¹
108 2667 171 2750 phi
188 2686 198 2730 t
214 2684 356 2750 meacm
370 2667 434 2728 sint
447 2668 643 2731 constitutivo
657 2675 843 2728 atomorum.
866 2664 924 2729 Cui
948 2664 1197 2745 respondemus,

106 2765 319 2832 constitutiva
332 2773 517 2829 atomorum
533 2765 623 2829 nulla
635 2784 718 2841 esse,
737 2782 798 2827 nec
810 2762 918 2844 quoad
934 2763 1121 2840 essentiam,
1139 2783 1200 2828 nec

7 2886 8 2907 ¹
107 2864 221 2947 quoad
242 2865 468 2955 quantitatem.
493 2862 585 2936 Quod
608 2863 635 2924 si
659 2863 735 2945 quis
759 2869 931 2944 quaereret,
956 2860 1085 2924 duatus
1109 2861 1199 2926 bisce

108 2961 351 3045 questionibus
379 2961 550 3024 contusis:
584 2979 725 3043 quonum
752 2961 815 3022 siut
840 2959 1040 3020 constitutivo
1067 2960 1216 3022 essentie-

6 3052 7 3061 ¹
109 3064 283 3144 quontitate
301 3061 449 3142 proditu,
474 3059 762 3140 responderemus,
787 3056 1022 3136 distinguendo
1045 3057 1201 3138 quaestio-³

108 3180 188 3225 nem
201 3170 390 3241 utramque:
408 3160 435 3222 si
451 3175 558 3222 sermo
572 3166 620 3220 ost
636 3157 676 3220 de
690 3158 871 3238 quantitate
886 3154 1068 3235 composita
1084 3173 1200 3237 corpo·

6 3298 7 3333 ;
108 3278 198 3335 rum,
211 3267 287 3322 sunt
303 3259 419 3333 atomi,·
434 3258 461 3319 si
475 3274 583 3329 sermo
594 3263 644 3319 est
654 3256 696 3316 de
711 3254 891 3336 quantitate
903 3254 1059 3316 continua
1073 3261 1197 3316 atomo·

6 3362 7 3367 ’
110 3357 306 3435 rum,nulla
321 3365 408 3420 sunt.
977 3345 980 3349 ’

150 3457 225 3522 tat.
247 3455 333 3538 Opp.
351 3455 402 3518 Vl.
419 3455 587 3534 systemati
603 3462 788 3516 atomorum
805 3450 1098 3531 incompositarum
1115 3468 1218 3532 prm·-

109 3554 284 3618 lereadum
296 3564 343 3615 eat
354 3566 493 3635 systema
505 3549 592 3633 quod
606 3560 732 3612 atomos
745 3547 1036 3611 nauteriaaclorma
1047 3556 1197 3610 constare

188 3651 262 3714 ..Ν
283 3669 316 3714 m

110 3653 193 3841 (1οὲ
195 3662 281 3826 tQuia
282 3757 420 3831 systema
432 3748 515 3810 illud
529 3746 674 3829 primum
691 3752 867 3821 sectantur,
886 3743 979 3806 lateri
993 3723 1125 3806 tandem
1140 3744 1200 3806 ali·

110 3850 242 3935 quando
271 3855 444 3928 coguntur,
462 3866 497 3910 se
517 3846 669 3909 intimam
684 3844 834 3927 corporis
850 3842 1007 3925 primitivi
1025 3842 1198 3907 essentiam

111 3952 289 4034 iguomro;
312 3964 350 4009 ac
373 3955 545 4028 propterea
560 3945 647 4007 nilail
663 3944 835 4024 explicant,
852 3951 884 4006 et
907 3941 1075 4024 problema
1101 3950 1201 4005 meta-
1289 3972 1290 3975 ¹

6 4056 10 4065 '
110 4050 283 4134 physicum
296 4065 364 4111 non
379 4048 520 4111 solvunt.
