2792 4600
442 320 529 366 nena
547 318 711 378 secuntus,
735 317 826 365 meur
847 305 894 367 m.
1143 300 1217 365 349'
1244 371 1248 380 ,

114 452 237 516 perque
258 433 519 515 simplicissimas
541 435 627 514 leges
643 433 807 496 elaborata
822 433 988 509 formatio,
1005 431 1200 513 sapientiam

113 533 244 596 lortiter
265 551 301 594 ac
323 533 465 595 suaviter
484 532 595 594 omnia
618 531 848 610 disponentem
871 530 1009 593 mirifice
1033 547 1201 594 commen-

111 631 223 695 dabat.
241 632 280 694 ttt
295 631 329 693 in
351 632 445 694 tertia
468 631 528 693 hac
542 630 701 711 operandi
728 632 854 693 rationo
882 630 967 692 nihil
994 630 1091 694 video
1113 630 1203 710 quod

19 717 20 772 ἕ
114 732 219 794 boum
239 731 362 822 deceat.
380 730 561 811 Concipere
581 731 668 791 enim
685 747 814 809 nequeo
832 731 932 792 Deum
949 732 992 792 ita
1007 732 1149 810 operari,
1168 741 1203 794 ut

19 907 20 916 ἵ
111 847 191 891 cnm
218 830 305 910 loges
326 830 489 892 statuisset
512 847 584 910 quae
605 829 684 891 huic
705 846 816 890 rerum
840 829 948 891 ordini
973 830 1205 893 constituendo

19 933 20 998 j
114 946 211 1008 pares
236 936 354 1003 essent,
373 927 413 988 iis
428 940 536 990 tamen
559 944 626 989 uon
642 936 763 1000 utatur,
782 927 850 989 imo
865 944 918 989 eas
934 927 1045 1002 violet,
1059 929 1207 1009 aliasque

114 1030 148 1089 in
173 1045 285 1090 earum
312 1027 421 1089 locum
448 1026 487 1087 ad
509 1037 632 1094 naturae
658 1025 753 1086 initia
775 1024 986 1104 gubernanda
1012 1027 1206 1103 constituat,

113 1135 215 1206 atque
240 1141 434 1204 magnorum
455 1142 518 1204 ope
539 1124 776 1186 miraculorum
800 1134 911 1203 urgeat
933 1123 1083 1185 effectum
1106 1143 1206 1203 quem

115 1226 283 1304 integrum
302 1222 369 1303 jam
393 1223 503 1285 indea
526 1222 692 1302 principio
715 1231 868 1303 praestare
893 1232 1038 1300 poterat:
1064 1240 1208 1304 cumque

116 1340 235 1403 urgere
246 1323 294 1384 sic
310 1323 414 1397 vellet,
426 1331 533 1384 tamen
546 1338 613 1383 uno
628 1321 737 1383 solum
751 1320 883 1382 instanti
897 1320 1037 1399 siugulis
1050 1332 1207 1401 operetur

117 1420 250 1496 diebus,
278 1419 490 1500 subsequenti
518 1419 572 1480 die
602 1419 770 1498 alteroque
799 1428 967 1481 momento
995 1434 1079 1499 opus
1109 1438 1213 1483 suum>

118 1529 360 1601 resumpturus.
763 1505 769 1513 ’
1210 1542 1212 1548 ’

159 1618 194 1680 2⁰
209 1620 290 1683 Cum
305 1617 432 1698 aliquid
458 1616 578 1682 lrustra
604 1614 710 1678 lacere
727 1614 829 1676 ileum
855 1614 1016 1693 suspicari
1044 1617 1134 1678 netas
1150 1618 1210 1693 sit,

122 1720 176 1781 hic
212 1727 320 1780 tamen
355 1717 438 1779 Deus
470 1715 735 1796 sapientissimus
769 1713 942 1777 exhibetur
978 1715 1208 1781 confusionem

119 1834 246 1892 creans,
274 1833 349 1878 cum
375 1815 527 1878 ordinem
552 1830 688 1894 regnare
711 1810 817 1883 vellet,
845 1813 995 1892 sequenti
1021 1832 1134 1895 reapse
1156 1817 1212 1879 die

121 1915 259 1979 confusa
272 1925 480 1995 separaturus
497 1913 717 1992 ordinemque
730 1908 939 1972 inducturus.

164 2015 327 2088 Quorsum
344 2013 495 2076 triduana
512 2011 568 2075 illa
583 2011 639 2074 lux
656 2016 731 2072 ante
746 2007 825 2071 solis
841 2018 961 2083 ortum,
980 2028 1054 2072 cum
1070 2012 1120 2075 sol
1136 2027 1210 2095 post

124 2126 189 2178 tres
205 2114 275 2176 dies
291 2130 448 2194 apparere
463 2111 621 2174 debebat?
636 2108 740 2173 Hodie
753 2115 872 2170 tantam
886 2125 1045 2189 aquarum
1058 2110 1124 2173 vim
1137 2131 1213 2193 pro·
1267 2153 1270 2157 -

126 2215 217 2276 ducit
232 2223 268 2275 ut
288 2221 389 2274 totam
412 2219 506 2273 terrae
528 2207 735 2291 superficiem
757 2214 940 2285 contegant,
965 2214 1097 2288 totaque
1112 2213 1214 2292 ,aquis

127 2327 212 2377 terra
234 2312 436 2376 imbibatur:
458 2328 518 2373 cur
540 2310 614 2384 hoc,
638 2308 665 2371 si
689 2309 830 2370 crastiua
853 2305 908 2369 die
933 2323 1032 2388 aquas
1055 2309 1214 2374 inunum

128 2413 211 2476 latus
234 2412 429 2475 reducturus
451 2418 509 2484 est,
534 2416 568 2472 ut
590 2418 663 2489 apta
686 2406 798 2469 herbis
819 2412 916 2486 atque
937 2405 1112 2471 arboribus
1128 2418 1214 2475 terra

128 2511 333 2575 inveniatur?

168 2611 209 2673 At
224 2627 348 2690 quoero,
372 2605 540 2689 quomodo
561 2622 653 2686 aquae
675 2604 710 2664 in
736 2620 841 2665 unum
863 2601 972 2665 locum
996 2617 1212 2682 recesserunt,

18 2740 20 2759 t
129 2727 202 2791 quae
216 2717 316 2773 totam
334 2708 441 2789 pridie
456 2717 575 2768 terram
596 2702 818 2784 occupabant?
836 2700 891 2764 Vel
908 2712 999 2764 erant
1014 2704 1114 2766 maris
1129 2707 1215 2769 cavi-

19 2840 24 2849 ·
130 2816 222 2886 tates,
240 2808 289 2870 vel
305 2814 492 2871 nouerant.
508 2803 542 2865 Si
555 2810 658 2877 eraut,
675 2800 756 2880 quid
768 2817 869 2880 aquas
881 2800 1052 2881 impedivit
1067 2819 1109 2864 ne
1121 2812 1216 2867 uatu-

131 2906 192 2970 rali
208 2912 300 2970 motu
315 2906 349 2967 in
364 2922 418 2967 eas
433 2900 684 2985 procurrerent?
697 2898 732 2961 Si
749 2906 931 2972 nouerant,
950 2917 1026 2980 ergo
1040 2918 1115 2963 cum
1133 2904 1218 2966 Deus

133 3008 230 3088 paulo
242 3016 315 3070 ante
327 3014 421 3068 terrae
433 3002 639 3084 superficiem
652 2997 848 3083 aequabiletu
861 2996 1001 3074 fecisset,
1011 3005 1121 3080 postea
1133 3020 1218 3082 opus

131 3123 228 3170 suum
244 3103 438 3178 emendavit,
450 3119 587 3182 eamque
604 3098 749 3161 hiulcam
765 3096 852 3158 lecit.

172 3206 205 3268 5⁰
220 3204 306 3277 Quid
322 3203 383 3266 luit
397 3202 453 3265 lux
465 3201 530 3263 >illa
546 3217 619 3281 quae
643 3198 751 3279 primo
772 3195 826 3258 die
845 3195 992 3271 refulsit3
1012 3203 1068 3258 ant
1089 3197 1145 3259 ubi
1161 3198 1221 3262 illa

127 3305 280 3369 refulsit?
294 3305 365 3373 Non
380 3320 398 3366 a
413 3302 483 3365 sole
498 3299 570 3373 luit,
588 3316 663 3361 nam
680 3296 722 3360 de
736 3295 806 3358 sole
822 3295 857 3357 ht
872 3294 996 3359 mentio
1012 3306 1126 3375 quarta
1142 3297 1219 3363 die:

128 3406 195 3469 tuit
206 3421 285 3483 ergo
297 3400 465 3483 aliquid
443 3399 531 3462 aliud
549 3397 638 3479 quod
655 3395 762 3458 tribus
778 3394 843 3455 illis
859 3394 990 3470 diebus,
1007 3394 1099 3473 qnasi
1116 3397 1221 3489 quod-

129 3503 209 3564 dam
223 3500 304 3564 solis
319 3477 584 3579 supplementum
606 3501 702 3556 esset.
727 3490 897 3571 Quidquid
914 3490 1024 3566 luerit,
1041 3491 1069 3553 si
1086 3480 1235 3558 immota

127 3601 255 3673 ,mansit
270 3599 326 3662 lux
341 3597 467 3673 isthaec,
490 3603 557 3658 tota
571 3600 657 3656 terra
674 3591 736 3654 luit
757 3608 889 3671 semper
904 3589 988 3659 dies
1004 3601 1059 3652 ant
1072 3592 1100 3653 si
1118 3610 1221 3656 uuum

126 3712 260 3764 tautum
286 3695 548 3776 hemispherium
571 3691 831 3764 illuminabatur,
855 3689 917 3751 luit
941 3707 1071 3771 semper
1093 3710 1131 3752 ex
1158 3710 1224 3755 uua

136 3810 227 3881 parte
243 3794 326 3877 dies,
342 3813 382 3856 ex
396 3792 497 3856 altera
508 3796 642 3877 semper
658 3808 734 3852 uox.
761 3787 833 3851 Nou
850 3788 910 3850 luit
928 3804 1006 3867 ergo
1021 3788 1139 3851 diebus
1156 3791 1223 3854 illis

126 3888 326 3960 vicissitudo
339 3888 404 3955 diei
421 3901 453 3954 st
468 3884 586 3953 noctis.
603 3888 637 3952 Si
652 3905 728 3951 vero
745 3888 800 3949 lnx
816 3888 885 3948 haec
897 3903 1012 3968 gyrum
1024 3886 1101 3985 epit,
1116 3891 1230 4009 primo

139 3998 201 4062 hoc
211 3994 352 4078 gratuito
363 3989 578 4074 supponitur,
592 3986 712 4053 deinde
725 3986 802 4050 lecit
814 3985 870 4047 illa
882 3983 992 4049 diem
984 4002 1018 4047 tn
1038 4002 1105 4089 uno
1118 3968 1230 4052 heml-
