2792 4600
433 341 519 387 steen
541 340 661 402 smum,
685 341 777 386 canus
799 341 844 387 nu.
1118 330 1182 396 tta

131 454 332 538 Statimque
357 456 550 521 conclusio:
581 456 646 519 diei
675 456 766 519 nullo
794 455 893 520 modo
918 474 1024 538 posse,
1052 468 1182 527 atomos

89 555 278 618 materians
295 554 399 617 ioema
422 564 583 618 constare.

80 715 83 722 .
133 651 185 716 86.
210 652 390 716 Pnonosino
413 651 468 715 ΙΙΙ.
487 652 595 715 Atonsi
613 670 679 714 non
696 661 838 714 constant
857 672 897 716 ea
911 654 1026 719 sinibus
1040 662 1183 723 attencti-

91 753 143 815 sis'
154 769 191 816 ot
204 752 377 834 repulsivas

134 853 382 914 demonstratur
394 870 431 911 ex
446 843 487 910 iis
499 868 572 931 quae
587 849 622 911 in
639 848 834 930 praecedenti
853 851 958 932 capite
974 864 1087 918 contre
1099 858 1186 921 Kan-

92 948 177 1011 tium
192 957 225 1011 et
240 948 429 1029 dynamieos
441 948 503 1026 (55,
521 951 603 1028 seq.)
620 946 706 1010 diota
722 958 808 1011 sunt

134 1047 187 1112 87.
212 1046 393 1111 Pnonosino
415 1044 467 1108 iV.
492 1045 597 1108 Atomi
605 1063 674 1108 non
687 1053 831 1108 constant
843 1049 1016 1111 extensione
1026 1060 1054 1113 et
1067 1054 1100 1114 oi
1110 1057 1187 1117 resi·

92 1146 208 1220 stettds‘‚·
221 1163 316 1226 neque
330 1146 403 1207 adeo
417 1143 535 1206 duodus
547 1144 737 1207 restitutione
757 1143 921 1223 distinctis,
937 1166 1071 1228 quarum
1086 1152 1188 1215 altera

91 1244 133 1306 sit
154 1243 348 1324 principium
371 1241 566 1317 eamnsionis,
583 1242 680 1304 odem
693 1242 790 1304 radiae
811 1243 857 1305 sis
871 1243 1029 1308 resistendi
1034 1264 1044 1323 ;
1059 1268 1127 1330 puoe
1140 1269 1186 1313 se·

93 1342 199 1405 eundo
212 1342 318 1423 opinio
332 1341 427 1404 multo
450 1343 553 1402 minus
571 1340 695 1404 admitti
717 1349 822 1421 potest,
839 1342 927 1406 sttoe
950 1345 1019 1409 dne
1032 1350 1187 1412 restitntes

92 1440 240 1503 dieantur
253 1458 313 1501 esse
326 1439 457 1500 materie
472 1456 508 1499 ne
521 1437 623 1517 fermo
639 1439 852 1519 peripatetico.

137 1536 237 1600 Prob.
258 1536 287 1598 1⁸
306 1553 392 1616 pars.

138 1636 172 1697 1⁰
193 1635 326 1698 Atomus
342 1647 389 1697 est
404 1633 601 1711 substantia;
618 1642 668 1697 est
682 1653 760 1715 ergo
777 1653 835 1715 pen
848 1654 894 1699 se.
922 1637 1021 1719 Atqui
1038 1644 1187 1708 extensio

7 1723 8 1736 ¹
27 1804 31 1808 ,
95 1744 129 1796 et
143 1732 192 1796 vis
208 1732 380 1796 resistendi
407 1732 604 1795 constituere
620 1743 788 1813 nequeunt
808 1732 947 1814 aliquid,
966 1738 1053 1816 quod
1071 1740 1113 1802 sit
1128 1760 1190 1823 per

96 1851 144 1895 se.
161 1831 241 1895 iiam
257 1840 289 1894 et
313 1830 459 1893 extensio
474 1841 505 1891 et
530 1831 704 1892 resistendi
720 1831 767 1892 vis
783 1840 859 1892 sunt
876 1834 1091 1911 proprietates
1112 1857 1187 1918 quae

96 1931 246 2011 subjecto
271 1938 376 2010 egent.
391 1929 486 1992 Nulla
512 1930 600 1990 enim
616 1937 664 1991 est
690 1919 837 1993 extensio
859 1931 930 1992 sine
957 1932 1070 2013 aliquo
1096 1938 1187 2016 quod
1216 1963 1232 1996 e

90 2041 267 2093 extensum
279 2031 321 2091 stt
335 2037 366 2091 et
378 2028 469 2091 nulia
484 2035 532 2089 est
544 2026 687 2108 potentia
701 2028 875 2092 resistendi
888 2029 959 2091 sine
971 2030 1084 2112 aliquo
1096 2036 1187 2114 quod

7 2175 8 2188 .
95 2129 251 2191 resistere
266 2127 379 2207 possit.
396 2125 482 2206 Ergo
501 2125 648 2189 extensio
663 2135 695 2187 et
722 2124 896 2188 resistendi
922 2127 970 2189 vis
985 2146 1052 2192 non
1065 2136 1189 2194 eonsti-

7 2219 9 2280 ἶ
95 2236 194 2291 tuunt
211 2226 411 2308 subjeetum
428 2242 465 2286 ao
488 2223 628 2306 proinde
649 2240 714 2287 non
738 2224 941 2289 constituunt
957 2226 1186 2307 substantiam,

8 2384 10 2389 .
66 2311 69 2317 ”
94 2327 155 2390 sed
170 2329 279 2408 potius
299 2334 489 2407 supponunt
504 2325 687 2404 subjectum
703 2343 741 2387 ae
755 2325 983 2389 substantiam.
1011 2327 1093 2390 Sunt
1108 2349 1188 2411 ergo

8 2430 10 2463 1
95 2425 315 2506 proprietates
330 2423 442 2496 atomi,
460 2431 492 2484 at
508 2440 573 2485 non
587 2421 688 2485 atomi
705 2423 926 2485 constitutiva.
1025 2426 1042 2461 ⁵

9 2520 11 2541 ¹
137 2523 173 2585 2⁰
195 2524 250 2584 Vis
266 2522 439 2585 resistendi
456 2540 528 2601 quae
550 2530 695 2583 atomum
711 2520 911 2584 constituere
924 2522 1057 2599 dieitur,
1074 2525 1122 2587 vei
1139 2537 1190 2588 est
1271 2572 1275 2583 2

9 2624 11 2695 ὲ
95 2640 135 2685 ex
152 2640 188 2684 se
203 2631 344 2694 extensa,
362 2620 411 2682 vei
424 2638 502 2682 non.
517 2621 550 2683 Si
567 2619 723 2700 primum,
739 2619 857 2680 inutile
872 2628 920 2682 est
932 2620 1070 2683 aiterum
1086 2626 1186 2685 atomi

10 2708 12 2753 ³
41 2736 48 2749 ·
95 2737 314 2800 componens,
341 2720 431 2800 quod
455 2728 502 2780 est
530 2717 697 2781 extensio:
728 2717 755 2779 si
783 2718 933 2794 aiterum,
961 2719 1028 2797 jam
1058 2730 1188 2784 atomus

96 2831 231 2882 extensa
246 2834 313 2882 non
339 2825 397 2882 est.
413 2817 551 2880 Tantum
572 2816 661 2877 enim
690 2825 775 2895 patet
799 2827 926 2878 atomus
953 2826 1111 2897 quantum
1139 2823 1189 2882 vis

11 2916 12 2943 ³
96 2917 292 2993 resistendi;
309 2916 479 2977 visentem
505 2914 678 2977 resistendi
706 2932 779 2993 quae
800 2913 967 2976 inextensa
983 2919 1035 2993 sit,
1054 2919 1087 2978 in
1105 2936 1188 2999 puta

11 3078 12 3081 ,
97 3016 290 3080 extensione
317 3014 432 3094 posita,
451 3015 617 3075 inextensa
646 3012 810 3087 manehit;
827 3030 907 3092 puna
929 3015 1017 3076 enim
1040 3019 1189 3081 extensio

99 3132 166 3179 non
184 3113 303 3195 poterit
318 3113 408 3174 iiiam
424 3110 607 3176 extendere.

140 3219 174 3280 δ’
189 3215 343 3279 Extensio
363 3231 506 3295 quoque,
524 3230 622 3293 qnam
648 3212 696 3273 sis
724 3211 894 3276 resistendi
922 3222 1071 3293 occupat,
1098 3234 1136 3277 ex
1152 3235 1189 3279 se

100 3300 262 3378 nihii'est.
276 3313 361 3375 Pure
376 3313 465 3374 enim
488 3311 634 3375 extensio
660 3327 781 3390 purum
793 3328 931 3372 vaenum
946 3321 1005 3385 est,
1022 3311 1189 3388 videlieet,

102 3430 222 3495 purum
238 3411 335 3473 nihii.
351 3409 391 3472 At
405 3425 516 3471 nonne
531 3407 688 3470 absonum
701 3407 790 3470 dictu
802 3417 862 3483 est,
880 3426 1000 3488 purum
1015 3408 1101 3472 nihii
1117 3422 1188 3475 ato·

102 3527 232 3574 morum
246 3507 492 3571 constitutivum
508 3505 596 3568 essei

144 3608 302 3672 Proeterea
320 3608 390 3670 haee
403 3605 560 3679 extensio
577 3604 627 3667 tel
643 3613 690 3667 est
703 3604 773 3684 ipsa
789 3603 934 3668 extensio
949 3565 1045 3685 spatii
1062 3610 1189 3683 eterni,

86 3707 381 3789 ‚quemadmodum
394 3704 551 3768 Loekium
563 3704 733 3784 opinatum
747 3722 817 3766 esse
830 3704 939 3766 ierunt
951 3706 1004 3783 (t),
1018 3705 1067 3767 vel
1080 3719 1193 3768 exten·

105 3808 155 3872 sio
174 3811 343 3889 producta.

145 3906 206 3969 Sed
228 3904 333 3985 prima
349 3903 540 3985 hypothesis
561 3912 609 3965 est
626 3900 754 3983 penitus
780 3899 932 3965 absurda.
960 3901 1041 3964 Nam
1061 3909 1095 3964 et
1114 3919 1192 3983 spa·

134 4022 162 4079 p)
172 4021 273 4078 Ciani·
281 4019 417 4067 Genuensis
428 4019 559 4078 Metnpips.
575 4017 652 4065 Elem.
662 4017 730 4063 Tum.
742 4016 760 4064 1·
770 4028 790 4063 o.
805 4013 860 4072 xil,
871 4014 944 4061 Prot).
953 4013 1021 4072 etv,
