2792 4600
178 383 239 450 328
379 371 395 398 ’“
610 392 802 441 coenonocra.

178 515 242 576 lam
256 528 389 593 prorsus
402 505 607 571 existentiam
619 505 778 588 requirit;
792 503 870 585 quia
880 511 1021 586 spectata
1034 504 1257 585 ejusessentia,

178 610 334 693 possibile
349 617 397 672 est
413 607 522 691 ipsum
536 625 605 670 non
620 625 701 669 esse.
720 605 816 685 llrgo.

217 710 252 773 2·
274 708 343 772 ilici
361 706 487 789 nequit,
506 706 607 770 ileum
624 705 767 787 quodam
793 702 886 784 quasi
899 703 1034 782 justitie
1048 703 1159 767 debito
1173 720 1260 766 com·

178 810 309 890 pulsum
322 807 422 869 tuisse
437 804 477 867 ad
495 804 609 867 mundi
627 803 892 885 productionem.
909 801 1038 864 Etenim
1050 821 1110 865 nec
1121 801 1262 865 mundus

178 905 348 989 possibilis
370 905 553 987 quidquam
576 902 729 977 habebat,
755 885 963 983 quod-»suum
985 911 1081 977 esset,
1104 900 1262 980 cumipse

179 1023 246 1070 non
273 1014 374 1071 esset:
395 1021 457 1066 nec
478 1003 565 1067 Deus
579 1001 707 1084 aliquid
723 999 859 1064 aliunde
874 1010 1053 1081 acceperat,
1069 999 1157 1080 quod
1181 1005 1263 1061 esset

179 1104 443 1170 retribuendum.

221 1204 253 1266 3⁰
275 1204 434 1266 Praeterea
450 1218 509 1263 cnr
530 1199 674 1263 mundus
702 1199 757 1260 hic
774 1197 895 1279 potius,
912 1215 1010 1278 quam
1027 1196 1169 1259 mundus
1185 1193 1264 1257 alter

182 1303 255 1384 ipso
284 1303 413 1377 melior,
446 1300 559 1364 luisset
585 1298 771 1361 necessario
794 1297 976 1360 creandus?
996 1298 1066 1360 imo
1089 1294 1116 1357 si
1139 1292 1263 1375 aliquid

181 1392 509 1481 creari'postulabat‚
539 1415 599 1460 cur
625 1396 752 1477 aliquid
781 1403 906 1457 tantum
938 1412 975 1456 ac
1003 1408 1070 1456 non
1094 1391 1264 1473 possibilia

171 1499 314 1570 somniat

221 1598 255 1660 4⁰
279 1598 414 1660 [ternum
437 1593 609 1670 existentia
629 1612 704 1657 cum
722 1593 818 1656 initio
839 1592 962 1655 nullam
979 1600 1066 1655 certe
1081 1606 1266 1671 repugnan-

182 1696 261 1758 tiam
276 1694 434 1769 continet‚
451 1701 487 1756 ut
500 1692 563 1755 hoc
574 1698 701 1754 tantum
717 1690 752 1752 in
769 1690 921 1772 praesenti
937 1690 1056 1754 dicam.
1074 1691 1158 1769 Ergo
1170 1688 1267 1750 etiam

183 1792 290 1876 posita
304 1780 470 1855 voluntate
490 1790 610 1862 divina,
628 1806 692 1869 qna
708 1789 824 1851 mnndi
842 1789 938 1868 hujus
953 1787 1124 1852 existentia
1139 1787 1268 1849 decreta
1338 1855 1342 1864 ,

183 1900 242 1966 est,
261 1907 327 1953 non
341 1888 466 1951 idcirco
478 1890 563 1952 Deus
574 1887 751 1967 cogebatur
762 1885 802 1947 ad
817 1887 880 1950 hoc
891 1895 926 1949 ut
938 1886 1098 1949 mundum
1110 1895 1268 1949 eternum

185 1989 317 2052 faceret.

225 2103 299 2167 267.
322 2100 510 2163 Absurdom
529 2098 687 2174 secundo,
711 2101 812 2162 ileum
829 2099 983 2180 compelli
1000 2118 1039 2162 ex
1054 2099 1125 2180 ipsa
1139 2113 1197 2161 sua
1213 2116 1268 2160 na·

185 2211 256 2263 tora
282 2199 322 2261 ad
356 2199 430 2273 hoc,
455 2206 490 2260 ut
512 2195 672 2260 mnndum
694 2197 791 2259 vellet
808 2205 977 2260 aeternum.
1000 2196 1080 2258 Nam
1106 2198 1189 2259 [leus
1211 2214 1272 2259 nec

185 2300 310 2363 mundo
332 2309 403 2379 eget
426 2316 487 2360 nee
507 2296 575 2360 ulla
596 2315 632 2359 re
656 2313 864 2377 quacunque,
887 2296 928 2359 ad
952 2315 1046 2360 suum
1069 2316 1139 2359 esse
1153 2306 1209 2361 aut
1231 2284 1271 2360 ad
1370 2364 1371 2369 γ

184 2417 277 2462 auam
295 2396 548 2478 perlectionem
572 2394 660 2457 unde
682 2394 791 2475 quoad
815 2412 925 2457 rerum
948 2397 1200 2476 productionem
1225 2407 1273 2458 est
1370 2388 1371 2433 ἶ

187 2514 320 2579 prorsus
340 2494 436 2557 liber.
464 2494 549 2574 Ergo
566 2511 631 2556 non
648 2495 756 2556 solum
772 2493 859 2555 Deus
876 2503 990 2558 natura
1005 2513 1063 2557 sua
1080 2513 1145 2559 non
1162 2495 1271 2559 deter-

186 2598 330 2678 minatur
354 2593 394 2654 ad
421 2592 658 2655 scammundo
679 2593 892 2655 aeternitatem
915 2595 1186 2675 participandam,
1215 2594 1271 2658 sed

186 2697 284 2759 etiam
301 2693 394 2756 nullo
410 2691 510 2755 modo
525 2691 764 2753 determinatur
779 2691 946 2754 edmundi
965 2695 1229 2773 productionem.
1370 2674 1371 2683 ἵ

227 2794 386 2855 Praeterea
400 2789 538 2853 omnino
554 2799 714 2869 repugnat
726 2788 885 2852 mundum
897 2799 1055 2855 aeternum
1070 2812 1151 2870 esse,
1167 2805 1203 2858 ut
1218 2797 1272 2858 in-

187 2890 235 2952 ira
260 2888 457 2963 videbimus.
487 2887 589 2967 igitur
609 2896 770 2967 repugnat
791 2887 894 2949 Deum
910 2871 1025 2953 natura
1039 2909 1097 2954 sua
1117 2893 1273 2974 compelli
1370 2916 1371 2979 p

186 2987 226 3050 ad
256 2985 372 3049 mundi
407 2985 659 3066 productionem
685 2995 853 3049 aeternam.
882 2985 1069 3052 Absortium
1106 3002 1155 3054 est
1181 2996 1272 3055 enim

187 3102 286 3167 qnam
301 3082 390 3165 quod
408 3083 562 3158 maximo,
580 3086 682 3147 Deum
696 3091 810 3144 natura
825 3101 883 3145 saa
897 3087 1051 3166 compelli
1067 3088 1108 3150 ad
1126 3090 1277 3170 impossi-

187 3184 267 3246 bile.
427 3187 429 3191 '

230 3298 303 3363 ⁰268.
327 3297 457 3361 [lationi
471 3296 596 3359 accedit
608 3297 795 3362 auctoritas.
809 3297 881 3380 lpse
894 3301 982 3363 enim
994 3301 1184 3368 Aristoteles
1197 3306 1275 3369 late·
1303 3370 1306 3376 ,

187 3409 252 3473 tur,
265 3397 449 3477 omnesqui
462 3403 549 3459 retro
562 3394 690 3457 fuerant
703 3397 920 3480 philosophos
932 3402 1046 3464 mundi
1061 3409 1275 3469 eternitatem

188 3515 323 3577 negasse
343 3498 391 3573 (rt.
413 3493 551 3559 Plurimi
574 3511 707 3574 qnoque
724 3506 796 3575 post
811 3496 1019 3563 Aristotelem
1036 3501 1182 3584 idipsum
1198 3525 1274 3573 sen·

188 3614 271 3658 sere.
285 3596 472 3675 Eademque
484 3592 614 3673 generis
628 3592 764 3655 humani
779 3596 924 3659 universi
943 3610 1095 3663 constans
1112 3606 1276 3668 sententia

189 3694 263 3767 fuit,
279 3704 315 3756 ut
342 3691 580 3772 antiquissimae
600 3689 803 3754 diversarum
823 3696 1005 3776 nationum,
1024 3710 1056 3764 et
1079 3702 1111 3764 in
1128 3705 1226 3766 veteri
1243 3715 1277 3768 et

190 3804 273 3854 nore
294 3790 386 3865 orbe,
409 3789 603 3864 traditiones
617 3795 777 3852 testantur
792 3794 841 3870 (a).
940 3856 943 3861 ,

219 3939 250 3994 (ll
268 3940 300 3985 lle
309 3938 376 3985 coelo.
388 3936 439 3986 tto.
450 3937 470 3984 Ι.

219 4015 250 4069 itt
266 4013 302 4060 cl.
313 4002 475 4070 augustinum
487 4005 642 4071 Engubinum
656 4045 661 4057 .
674 4017 817 4073 Depereant
828 4017 990 4079 Philosophia.
1009 4023 1058 4071 Lib.
1072 4024 1126 4081 v11,
1138 4036 1162 4073 et
1171 4029 1220 4075 Ant
1229 4027 1277 4076 Ge-

192 4099 309 4134 ouensem
320 4087 376 4132 Met.
386 4084 502 4132 elementa
512 4086 539 4133 Τ.
553 4087 579 4135 v.
591 4088 689 4136 llisaart.
699 4089 730 4137 ll.
