<?xml version="1.0" encoding="UTF-8"?>
<!DOCTYPE html PUBLIC "-//W3C//DTD XHTML 1.0 Transitional//EN"
    "http://www.w3.org/TR/xhtml1/DTD/xhtml1-transitional.dtd">
<html xmlns="http://www.w3.org/1999/xhtml" xml:lang="en" lang="en">
 <head>
  <title>
</title>
<meta http-equiv="Content-Type" content="text/html;charset=utf-8" />
  <meta name='ocr-system' content='tesseract 3.04.00' />
  <meta name='ocr-capabilities' content='ocr_page ocr_carea ocr_par ocr_line ocrx_word'/>
</head>
<body>
  <div class='ocr_page' id='page_1' title='image "./institutionesph01tonggoog_0392.png"; bbox 0 0 2792 4600; ppageno 0'>
   <div class='ocr_carea' id='block_1_1' title="bbox 230 366 867 430">
    <p class='ocr_par' dir='ltr' id='par_1_1' title="bbox 230 366 867 430">
     <span class='ocr_line' id='line_1_1' title="bbox 230 366 867 430; baseline -0.003 -1"><span class='ocrx_word' id='word_1_1' title='bbox 230 366 291 430; x_wconf 78' lang='grc'>384</span> <span class='ocrx_word' id='word_1_2' title='bbox 544 382 549 396; x_wconf 93' lang='grc'>·</span> <span class='ocrx_word' id='word_1_3' title='bbox 677 383 867 428; x_wconf 61' lang='lat' dir='ltr'>coenonema,</span> 
     </span>
    </p>
   </div>
   <div class='ocr_carea' id='block_1_2' title="bbox 229 495 1324 578">
    <p class='ocr_par' dir='ltr' id='par_1_2' title="bbox 229 495 1387 580">
     <span class='ocr_line' id='line_1_2' title="bbox 229 495 1324 578; baseline -0.003 -17"><span class='ocrx_word' id='word_1_4' title='bbox 229 499 290 561; x_wconf 87' lang='lat' dir='ltr'>Sed</span> <span class='ocrx_word' id='word_1_5' title='bbox 308 518 347 576; x_wconf 84' lang='lat' dir='ltr'>ex</span> <span class='ocrx_word' id='word_1_6' title='bbox 363 500 426 572; x_wconf 86' lang='lat' dir='ltr'>hoc</span> <span class='ocrx_word' id='word_1_7' title='bbox 439 495 552 561; x_wconf 83' lang='lat' dir='ltr'>inferri</span> <span class='ocrx_word' id='word_1_8' title='bbox 570 498 695 578; x_wconf 86' lang='lat' dir='ltr'>nequit,</span> <span class='ocrx_word' id='word_1_9' title='bbox 711 508 766 560; x_wconf 88' lang='lat' dir='ltr'>aut</span> <span class='ocrx_word' id='word_1_10' title='bbox 778 498 1001 560; x_wconf 80' lang='lat' dir='ltr'>extensionem</span> <span class='ocrx_word' id='word_1_11' title='bbox 1015 504 1164 560; x_wconf 82' lang='lat' dir='ltr'>constare</span> <span class='ocrx_word' id='word_1_12' title='bbox 1176 498 1324 577; x_wconf 87' lang='lat' dir='ltr'>punctis,</span> 
     </span>
    </p>
   </div>
   <div class='ocr_carea' id='block_1_3' title="bbox 121 594 1167 695">
    <p class='ocr_par' dir='ltr' id='par_1_3' title="bbox 121 594 1167 695">
     <span class='ocr_line' id='line_1_3' title="bbox 121 594 1167 695; baseline 0 -36"><span class='ocrx_word' id='word_1_13' title='bbox 121 686 125 695; x_wconf 15' lang='grc' dir='ltr'><em>ὁ</em></span> <span class='ocrx_word' id='word_1_14' title='bbox 229 605 283 659; x_wconf 87' lang='lat' dir='ltr'>aut</span> <span class='ocrx_word' id='word_1_15' title='bbox 298 606 428 677; x_wconf 75' lang='lat' dir='ltr'>tempus</span> <span class='ocrx_word' id='word_1_16' title='bbox 443 597 631 674; x_wconf 88' lang='lat' dir='ltr'>momentis,</span> <span class='ocrx_word' id='word_1_17' title='bbox 646 606 681 659; x_wconf 92' lang='lat' dir='ltr'>ut</span> <span class='ocrx_word' id='word_1_18' title='bbox 696 597 775 658; x_wconf 89' lang='lat' dir='ltr'>alibi</span> <span class='ocrx_word' id='word_1_19' title='bbox 794 596 994 659; x_wconf 88' lang='lat' dir='ltr'>declaratum</span> <span class='ocrx_word' id='word_1_20' title='bbox 1009 604 1058 659; x_wconf 89' lang='lat' dir='ltr'>est</span> <span class='ocrx_word' id='word_1_21' title='bbox 1073 594 1167 674; x_wconf 84' lang='grc'><strong>(166).</strong></span> 
     </span>
    </p>
   </div>
   <div class='ocr_carea' id='block_1_4' title="bbox 201 693 1387 2652">
    <p class='ocr_par' dir='ltr' id='par_1_4' title="bbox 225 683 1387 973">
     <span class='ocr_line' id='line_1_4' title="bbox 270 693 1325 776; baseline -0.004 -19"><span class='ocrx_word' id='word_1_22' title='bbox 270 694 376 760; x_wconf 68' lang='grc'>*595</span> <span class='ocrx_word' id='word_1_23' title='bbox 393 695 575 760; x_wconf 82' lang='lat' dir='ltr'>Pnneosrrro</span> <span class='ocrx_word' id='word_1_24' title='bbox 591 697 628 758; x_wconf 91' lang='lat' dir='ltr'>V.</span> <span class='ocrx_word' id='word_1_25' title='bbox 658 696 787 776; x_wconf 84' lang='lat' dir='ltr'>Tempus</span> <span class='ocrx_word' id='word_1_26' title='bbox 802 695 976 757; x_wconf 79' lang='lat' dir='ltr'>absolutura</span> <span class='ocrx_word' id='word_1_27' title='bbox 1004 704 1046 758; x_wconf 86' lang='lat' dir='ltr'>est</span> <span class='ocrx_word' id='word_1_28' title='bbox 1073 695 1196 758; x_wconf 81' lang='lat' dir='ltr'>duratio</span> <span class='ocrx_word' id='word_1_29' title='bbox 1222 693 1325 776; x_wconf 82' lang='lat' dir='ltr'>pessi·</span> 
     </span>
     <span class='ocr_line' id='line_1_5' title="bbox 228 793 1326 876; baseline -0.001 -21"><span class='ocrx_word' id='word_1_30' title='bbox 228 794 308 870; x_wconf 75' lang='lat' dir='ltr'>titis,</span> <span class='ocrx_word' id='word_1_31' title='bbox 322 813 387 876; x_wconf 83' lang='lat' dir='ltr'>qua</span> <span class='ocrx_word' id='word_1_32' title='bbox 400 813 440 856; x_wconf 79' lang='lat' dir='ltr'>eu</span> <span class='ocrx_word' id='word_1_33' title='bbox 453 813 556 857; x_wconf 85' lang='lat' dir='ltr'>rerum</span> <span class='ocrx_word' id='word_1_34' title='bbox 571 795 636 856; x_wconf 80' lang='lat' dir='ltr'>sine</span> <span class='ocrx_word' id='word_1_35' title='bbox 659 794 722 873; x_wconf 77' lang='lat' dir='ltr'>fine</span> <span class='ocrx_word' id='word_1_36' title='bbox 745 793 803 855; x_wconf 80' lang='lat' dir='ltr'>cibi</span> <span class='ocrx_word' id='word_1_37' title='bbox 830 794 1054 855; x_wconf 77' lang='lat' dir='ltr'>succedentium</span> <span class='ocrx_word' id='word_1_38' title='bbox 1080 795 1154 855; x_wconf 80' lang='lat' dir='ltr'>cerie</span> <span class='ocrx_word' id='word_1_39' title='bbox 1181 799 1326 855; x_wconf 83' lang='lat' dir='ltr'>constare</span> 
     </span>
     <span class='ocr_line' id='line_1_6' title="bbox 225 892 1284 973; baseline -0.001 -19"><span class='ocrx_word' id='word_1_40' title='bbox 225 901 324 973; x_wconf 83' lang='lat' dir='ltr'>potest</span> <span class='ocrx_word' id='word_1_41' title='bbox 337 917 347 965; x_wconf 86' lang='lat'>,·</span> <span class='ocrx_word' id='word_1_42' title='bbox 362 912 415 955; x_wconf 86' lang='lat' dir='ltr'>seu</span> <span class='ocrx_word' id='word_1_43' title='bbox 429 893 558 967; x_wconf 75' lang='lat' dir='ltr'>uectus,</span> <span class='ocrx_word' id='word_1_44' title='bbox 573 893 760 973; x_wconf 82' lang='lat' dir='ltr'>possibilitas</span> <span class='ocrx_word' id='word_1_45' title='bbox 775 892 983 954; x_wconf 75' lang='lat' dir='ltr'>successionis,</span> <span class='ocrx_word' id='word_1_46' title='bbox 1279 903 1284 911; x_wconf 82' lang='lat'>&#39;</span> 
     </span>
    </p>

    <p class='ocr_par' dir='ltr' id='par_1_5' title="bbox 223 978 1387 2239">
     <span class='ocr_line' id='line_1_7' title="bbox 270 978 1387 1070; baseline 0 -18"><span class='ocrx_word' id='word_1_47' title='bbox 270 978 552 1062; x_wconf 78' lang='lat' dir='ltr'>¹Quemadmodum</span> <span class='ocrx_word' id='word_1_48' title='bbox 568 991 630 1051; x_wconf 88' lang='lat' dir='ltr'>alia</span> <span class='ocrx_word' id='word_1_49' title='bbox 648 989 804 1070; x_wconf 89' lang='lat' dir='ltr'>plurima,</span> <span class='ocrx_word' id='word_1_50' title='bbox 822 990 867 1051; x_wconf 88' lang='lat' dir='ltr'>ita</span> <span class='ocrx_word' id='word_1_51' title='bbox 883 1008 1015 1070; x_wconf 90' lang='lat' dir='ltr'>quoque</span> <span class='ocrx_word' id='word_1_52' title='bbox 1031 988 1135 1070; x_wconf 90' lang='lat' dir='ltr'>ipsam</span> <span class='ocrx_word' id='word_1_53' title='bbox 1144 988 1326 1052; x_wconf 89' lang='lat' dir='ltr'>successio·</span> <span class='ocrx_word' id='word_1_54' title='bbox 1386 981 1387 984; x_wconf 49' lang='lat'>&#39;</span> 
     </span>
     <span class='ocr_line' id='line_1_8' title="bbox 229 1086 1323 1152; baseline -0.003 0"><span class='ocrx_word' id='word_1_55' title='bbox 229 1090 281 1152; x_wconf 89' lang='lat' dir='ltr'>nis</span> <span class='ocrx_word' id='word_1_56' title='bbox 289 1087 712 1151; x_wconf 87' lang='lat' dir='ltr'>acdurationissuccessivae</span> <span class='ocrx_word' id='word_1_57' title='bbox 727 1087 889 1151; x_wconf 88' lang='lat' dir='ltr'>rationem</span> <span class='ocrx_word' id='word_1_58' title='bbox 902 1086 1110 1149; x_wconf 87' lang='lat' dir='ltr'>licetarchus</span> <span class='ocrx_word' id='word_1_59' title='bbox 1118 1086 1323 1150; x_wconf 87' lang='lat' dir='ltr'>abstrahere.</span> 
     </span>
     <span class='ocr_line' id='line_1_9' title="bbox 229 1173 1387 1268; baseline -0.003 -17"><span class='ocrx_word' id='word_1_60' title='bbox 229 1188 262 1251; x_wconf 90' lang='lat' dir='ltr'>Si</span> <span class='ocrx_word' id='word_1_61' title='bbox 281 1188 380 1268; x_wconf 85' lang='lat' dir='ltr'>igitur</span> <span class='ocrx_word' id='word_1_62' title='bbox 394 1187 612 1251; x_wconf 85' lang='lat' dir='ltr'>abstractione</span> <span class='ocrx_word' id='word_1_63' title='bbox 628 1187 689 1248; x_wconf 92' lang='lat' dir='ltr'>hac</span> <span class='ocrx_word' id='word_1_64' title='bbox 706 1186 801 1264; x_wconf 83' lang='lat' dir='ltr'>faeta,</span> <span class='ocrx_word' id='word_1_65' title='bbox 817 1186 998 1267; x_wconf 78' lang='lat' dir='ltr'>cogitemus</span> <span class='ocrx_word' id='word_1_66' title='bbox 1014 1186 1054 1249; x_wconf 93' lang='lat' dir='ltr'>de</span> <span class='ocrx_word' id='word_1_67' title='bbox 1070 1186 1242 1250; x_wconf 88' lang='lat' dir='ltr'>duratione</span> <span class='ocrx_word' id='word_1_68' title='bbox 1250 1204 1326 1249; x_wconf 88' lang='lat' dir='ltr'>suc·</span> <span class='ocrx_word' id='word_1_69' title='bbox 1386 1173 1387 1220; x_wconf 68' lang='lat'>}</span> 
     </span>
     <span class='ocr_line' id='line_1_10' title="bbox 229 1281 1387 1361; baseline -0.001 -13"><span class='ocrx_word' id='word_1_70' title='bbox 229 1286 398 1361; x_wconf 89' lang='lat' dir='ltr'>cessionis,</span> <span class='ocrx_word' id='word_1_71' title='bbox 415 1303 473 1348; x_wconf 91' lang='lat' dir='ltr'>seu</span> <span class='ocrx_word' id='word_1_72' title='bbox 486 1285 526 1347; x_wconf 89' lang='lat' dir='ltr'>de</span> <span class='ocrx_word' id='word_1_73' title='bbox 538 1284 656 1349; x_wconf 88' lang='lat' dir='ltr'>ordine</span> <span class='ocrx_word' id='word_1_74' title='bbox 670 1287 757 1347; x_wconf 91' lang='lat' dir='ltr'>inter</span> <span class='ocrx_word' id='word_1_75' title='bbox 773 1303 844 1346; x_wconf 91' lang='lat' dir='ltr'>esse</span> <span class='ocrx_word' id='word_1_76' title='bbox 861 1297 890 1347; x_wconf 89' lang='lat' dir='ltr'>et</span> <span class='ocrx_word' id='word_1_77' title='bbox 908 1302 974 1347; x_wconf 92' lang='lat' dir='ltr'>non</span> <span class='ocrx_word' id='word_1_78' title='bbox 998 1303 1067 1347; x_wconf 90' lang='lat' dir='ltr'>esse</span> <span class='ocrx_word' id='word_1_79' title='bbox 1084 1284 1321 1360; x_wconf 89' lang='lat' dir='ltr'>terminorum,</span> <span class='ocrx_word' id='word_1_80' title='bbox 1386 1281 1387 1306; x_wconf 65' lang='lat'>¹</span> 
     </span>
     <span class='ocr_line' id='line_1_11' title="bbox 229 1382 1387 1466; baseline 0.003 -19"><span class='ocrx_word' id='word_1_81' title='bbox 229 1404 301 1466; x_wconf 85' lang='lat' dir='ltr'>quae</span> <span class='ocrx_word' id='word_1_82' title='bbox 317 1384 568 1447; x_wconf 88' lang='lat' dir='ltr'>indeterminata</span> <span class='ocrx_word' id='word_1_83' title='bbox 583 1384 649 1446; x_wconf 91' lang='lat' dir='ltr'>sint</span> <span class='ocrx_word' id='word_1_84' title='bbox 664 1393 696 1446; x_wconf 91' lang='lat' dir='ltr'>et</span> <span class='ocrx_word' id='word_1_85' title='bbox 719 1384 826 1464; x_wconf 89' lang='lat' dir='ltr'>quoad</span> <span class='ocrx_word' id='word_1_86' title='bbox 845 1391 993 1458; x_wconf 84' lang='lat' dir='ltr'>naturam</span> <span class='ocrx_word' id='word_1_87' title='bbox 1006 1395 1038 1445; x_wconf 93' lang='lat' dir='ltr'>et</span> <span class='ocrx_word' id='word_1_88' title='bbox 1052 1382 1160 1464; x_wconf 90' lang='lat' dir='ltr'>quoad</span> <span class='ocrx_word' id='word_1_89' title='bbox 1175 1384 1326 1450; x_wconf 90' lang='lat' dir='ltr'>multitu·</span> <span class='ocrx_word' id='word_1_90' title='bbox 1386 1399 1387 1450; x_wconf 72' lang='grc' dir='ltr'>ῑ</span> 
     </span>
     <span class='ocr_line' id='line_1_12' title="bbox 229 1469 1387 1562; baseline 0.002 -19"><span class='ocrx_word' id='word_1_91' title='bbox 229 1483 352 1555; x_wconf 89' lang='lat' dir='ltr'>dinem,</span> <span class='ocrx_word' id='word_1_92' title='bbox 370 1469 548 1561; x_wconf 78' lang='lat' dir='ltr'>conceptus</span> <span class='ocrx_word' id='word_1_93' title='bbox 573 1482 633 1543; x_wconf 92' lang='lat' dir='ltr'>iste</span> <span class='ocrx_word' id='word_1_94' title='bbox 649 1499 765 1544; x_wconf 90' lang='lat' dir='ltr'>omnes</span> <span class='ocrx_word' id='word_1_95' title='bbox 788 1480 967 1562; x_wconf 89' lang='lat' dir='ltr'>possibiles</span> <span class='ocrx_word' id='word_1_96' title='bbox 987 1481 1146 1544; x_wconf 91' lang='lat' dir='ltr'>terminos</span> <span class='ocrx_word' id='word_1_97' title='bbox 1158 1482 1224 1562; x_wconf 88' lang='lat' dir='ltr'>jam</span> <span class='ocrx_word' id='word_1_98' title='bbox 1254 1499 1326 1545; x_wconf 91' lang='lat' dir='ltr'>am·</span> <span class='ocrx_word' id='word_1_99' title='bbox 1386 1471 1387 1526; x_wconf 59' lang='lat' dir='ltr'>t</span> 
     </span>
     <span class='ocr_line' id='line_1_13' title="bbox 229 1578 1387 1661; baseline 0.001 -20"><span class='ocrx_word' id='word_1_100' title='bbox 229 1582 384 1661; x_wconf 86' lang='lat' dir='ltr'>plectens,</span> <span class='ocrx_word' id='word_1_101' title='bbox 412 1588 461 1641; x_wconf 90' lang='lat' dir='ltr'>est</span> <span class='ocrx_word' id='word_1_102' title='bbox 489 1590 616 1660; x_wconf 90' lang='lat' dir='ltr'>tempus</span> <span class='ocrx_word' id='word_1_103' title='bbox 643 1580 844 1655; x_wconf 85' lang='lat' dir='ltr'>absolutum,</span> <span class='ocrx_word' id='word_1_104' title='bbox 873 1579 967 1660; x_wconf 88' lang='lat' dir='ltr'>cujus</span> <span class='ocrx_word' id='word_1_105' title='bbox 990 1578 1192 1643; x_wconf 85' lang='lat' dir='ltr'>characteres</span> <span class='ocrx_word' id='word_1_106' title='bbox 1221 1598 1326 1661; x_wconf 88' lang='lat' dir='ltr'>supra</span> <span class='ocrx_word' id='word_1_107' title='bbox 1386 1585 1387 1658; x_wconf 65' lang='grc' dir='ltr'>ξ</span> 
     </span>
     <span class='ocr_line' id='line_1_14' title="bbox 228 1675 1387 1761; baseline 0.001 -21"><span class='ocrx_word' id='word_1_108' title='bbox 228 1680 438 1761; x_wconf 79' lang='lat' dir='ltr'>exposuimus</span> <span class='ocrx_word' id='word_1_109' title='bbox 454 1678 550 1757; x_wconf 90' lang='grc'><strong>(585).</strong></span> <span class='ocrx_word' id='word_1_110' title='bbox 1386 1675 1387 1750; x_wconf 49' lang='grc' dir='ltr'>Τ</span> 
     </span>
     <span class='ocr_line' id='line_1_15' title="bbox 237 1777 1387 1860; baseline 0.002 -18"><span class='ocrx_word' id='word_1_111' title='bbox 237 1804 240 1809; x_wconf 94' lang='grc'><em>·</em></span> <span class='ocrx_word' id='word_1_112' title='bbox 268 1781 336 1842; x_wconf 90' lang='lat' dir='ltr'>Hoc</span> <span class='ocrx_word' id='word_1_113' title='bbox 352 1780 418 1858; x_wconf 86' lang='lat' dir='ltr'>jam</span> <span class='ocrx_word' id='word_1_114' title='bbox 450 1778 545 1841; x_wconf 79' lang='lat' dir='ltr'>facile</span> <span class='ocrx_word' id='word_1_115' title='bbox 574 1778 772 1859; x_wconf 77' lang='lat' dir='ltr'>intelligitur</span> <span class='ocrx_word' id='word_1_116' title='bbox 790 1779 821 1840; x_wconf 75' lang='lat'>1⁰</span> <span class='ocrx_word' id='word_1_117' title='bbox 837 1779 916 1859; x_wconf 88' lang='lat' dir='ltr'>quia</span> <span class='ocrx_word' id='word_1_118' title='bbox 939 1787 1069 1860; x_wconf 90' lang='lat' dir='ltr'>tempus</span> <span class='ocrx_word' id='word_1_119' title='bbox 1094 1777 1327 1860; x_wconf 88' lang='lat' dir='ltr'>independens</span> <span class='ocrx_word' id='word_1_120' title='bbox 1386 1805 1387 1844; x_wconf 53' lang='grc' dir='ltr'><strong>ι</strong></span> 
     </span>
     <span class='ocr_line' id='line_1_16' title="bbox 227 1877 1326 1960; baseline 0.003 -22"><span class='ocrx_word' id='word_1_121' title='bbox 227 1896 371 1940; x_wconf 82' lang='lat' dir='ltr'>arenam</span> <span class='ocrx_word' id='word_1_122' title='bbox 399 1878 569 1939; x_wconf 85' lang='lat' dir='ltr'>existentia</span> <span class='ocrx_word' id='word_1_123' title='bbox 596 1877 682 1938; x_wconf 86' lang='lat' dir='ltr'>nihii</span> <span class='ocrx_word' id='word_1_124' title='bbox 707 1878 798 1940; x_wconf 84' lang='lat' dir='ltr'>aliud</span> <span class='ocrx_word' id='word_1_125' title='bbox 822 1896 892 1940; x_wconf 89' lang='lat' dir='ltr'>esse</span> <span class='ocrx_word' id='word_1_126' title='bbox 914 1888 1031 1960; x_wconf 88' lang='lat' dir='ltr'>potest,</span> <span class='ocrx_word' id='word_1_127' title='bbox 1063 1896 1160 1959; x_wconf 90' lang='lat' dir='ltr'>quam</span> <span class='ocrx_word' id='word_1_128' title='bbox 1189 1888 1326 1960; x_wconf 89' lang='lat' dir='ltr'>tempus</span> 
     </span>
     <span class='ocr_line' id='line_1_17' title="bbox 223 1973 1387 2058; baseline 0.002 -20"><span class='ocrx_word' id='word_1_129' title='bbox 223 1976 400 2058; x_wconf 85' lang='lat' dir='ltr'>possibile.</span> <span class='ocrx_word' id='word_1_130' title='bbox 422 1978 563 2058; x_wconf 84' lang='lat' dir='ltr'>Tempus</span> <span class='ocrx_word' id='word_1_131' title='bbox 589 1978 679 2038; x_wconf 83' lang='lat' dir='ltr'>enini</span> <span class='ocrx_word' id='word_1_132' title='bbox 710 1978 798 2040; x_wconf 91' lang='lat' dir='ltr'>reale</span> <span class='ocrx_word' id='word_1_133' title='bbox 817 1996 890 2039; x_wconf 91' lang='lat' dir='ltr'>cum</span> <span class='ocrx_word' id='word_1_134' title='bbox 908 1977 1084 2040; x_wconf 89' lang='lat' dir='ltr'>arealibus</span> <span class='ocrx_word' id='word_1_135' title='bbox 1112 1995 1223 2041; x_wconf 90' lang='lat' dir='ltr'>rerum</span> <span class='ocrx_word' id='word_1_136' title='bbox 1250 1996 1325 2040; x_wconf 92' lang='lat' dir='ltr'>mu·</span> <span class='ocrx_word' id='word_1_137' title='bbox 1386 1973 1387 2030; x_wconf 71' lang='lat' dir='ltr'>i</span> 
     </span>
     <span class='ocr_line' id='line_1_18' title="bbox 228 2076 1326 2161; baseline 0 -24"><span class='ocrx_word' id='word_1_138' title='bbox 228 2076 408 2161; x_wconf 82' lang='lat' dir='ltr'>tationibus</span> <span class='ocrx_word' id='word_1_139' title='bbox 423 2093 490 2139; x_wconf 92' lang='lat' dir='ltr'>non</span> <span class='ocrx_word' id='word_1_140' title='bbox 503 2076 736 2155; x_wconf 84' lang='lat' dir='ltr'>distinguatur,</span> <span class='ocrx_word' id='word_1_141' title='bbox 758 2078 829 2139; x_wconf 88' lang='lat' dir='ltr'>sine</span> <span class='ocrx_word' id='word_1_142' title='bbox 844 2076 945 2139; x_wconf 82' lang='lat' dir='ltr'>rebus</span> <span class='ocrx_word' id='word_1_143' title='bbox 960 2076 1174 2140; x_wconf 82' lang='lat' dir='ltr'>existentibus</span> <span class='ocrx_word' id='word_1_144' title='bbox 1190 2076 1326 2139; x_wconf 83' lang='lat' dir='ltr'>nullum</span> 
     </span>
     <span class='ocr_line' id='line_1_19' title="bbox 228 2184 287 2239; baseline 0.017 -1"><span class='ocrx_word' id='word_1_145' title='bbox 228 2184 287 2239; x_wconf 82' lang='lat' dir='ltr'>cst.</span> 
     </span>
    </p>

    <p class='ocr_par' dir='ltr' id='par_1_6' title="bbox 201 2272 1328 2554">
     <span class='ocr_line' id='line_1_20' title="bbox 268 2272 1325 2355; baseline -0.003 -17"><span class='ocrx_word' id='word_1_146' title='bbox 268 2276 301 2338; x_wconf 70' lang='lat'>2⁰</span> <span class='ocrx_word' id='word_1_147' title='bbox 323 2273 405 2347; x_wconf 85' lang='lat' dir='ltr'>Quia</span> <span class='ocrx_word' id='word_1_148' title='bbox 422 2274 581 2355; x_wconf 82' lang='lat' dir='ltr'>temporis</span> <span class='ocrx_word' id='word_1_149' title='bbox 605 2273 748 2347; x_wconf 89' lang='lat' dir='ltr'>absoluti</span> <span class='ocrx_word' id='word_1_150' title='bbox 780 2274 987 2337; x_wconf 86' lang='lat' dir='ltr'>characteres</span> <span class='ocrx_word' id='word_1_151' title='bbox 1012 2273 1100 2354; x_wconf 80' lang='grc'><strong>(585(</strong></span> <span class='ocrx_word' id='word_1_152' title='bbox 1117 2272 1325 2337; x_wconf 88' lang='lat' dir='ltr'>successioni</span> 
     </span>
     <span class='ocr_line' id='line_1_21' title="bbox 201 2373 1328 2455; baseline 0 -20"><span class='ocrx_word' id='word_1_153' title='bbox 201 2399 204 2403; x_wconf 93' lang='lat'><em>·</em></span> <span class='ocrx_word' id='word_1_154' title='bbox 228 2374 363 2453; x_wconf 89' lang='lat' dir='ltr'>quidem</span> <span class='ocrx_word' id='word_1_155' title='bbox 389 2373 469 2435; x_wconf 88' lang='lat' dir='ltr'>reali</span> <span class='ocrx_word' id='word_1_156' title='bbox 491 2373 666 2436; x_wconf 89' lang='lat' dir='ltr'>convenire</span> <span class='ocrx_word' id='word_1_157' title='bbox 681 2390 748 2436; x_wconf 88' lang='lat' dir='ltr'>non</span> <span class='ocrx_word' id='word_1_158' title='bbox 770 2384 918 2454; x_wconf 86' lang='lat' dir='ltr'>possunt,</span> <span class='ocrx_word' id='word_1_159' title='bbox 938 2381 969 2435; x_wconf 89' lang='lat' dir='ltr'>at</span> <span class='ocrx_word' id='word_1_160' title='bbox 984 2373 1328 2455; x_wconf 81' lang='lat' dir='ltr'>optimeconreninnt</span> 
     </span>
     <span class='ocr_line' id='line_1_22' title="bbox 228 2472 1323 2554; baseline -0.002 -19"><span class='ocrx_word' id='word_1_161' title='bbox 228 2474 426 2536; x_wconf 89' lang='lat' dir='ltr'>successioni</span> <span class='ocrx_word' id='word_1_162' title='bbox 444 2472 594 2553; x_wconf 77' lang='lat' dir='ltr'>possibili</span> <span class='ocrx_word' id='word_1_163' title='bbox 613 2491 622 2549; x_wconf 93' lang='lat'>;</span> <span class='ocrx_word' id='word_1_164' title='bbox 639 2473 735 2552; x_wconf 89' lang='lat' dir='ltr'>plane</span> <span class='ocrx_word' id='word_1_165' title='bbox 758 2480 794 2534; x_wconf 92' lang='lat' dir='ltr'>ut</span> <span class='ocrx_word' id='word_1_166' title='bbox 809 2473 850 2534; x_wconf 91' lang='lat' dir='ltr'>de</span> <span class='ocrx_word' id='word_1_167' title='bbox 863 2473 978 2553; x_wconf 76' lang='lat' dir='ltr'>{spatio</span> <span class='ocrx_word' id='word_1_168' title='bbox 996 2491 1094 2554; x_wconf 90' lang='lat' dir='ltr'>supra</span> <span class='ocrx_word' id='word_1_169' title='bbox 1110 2472 1235 2535; x_wconf 90' lang='lat' dir='ltr'>dictum</span> <span class='ocrx_word' id='word_1_170' title='bbox 1259 2481 1323 2535; x_wconf 84' lang='lat' dir='ltr'>est.</span> 
     </span>
    </p>

    <p class='ocr_par' dir='ltr' id='par_1_7' title="bbox 268 2570 1168 2652">
     <span class='ocr_line' id='line_1_23' title="bbox 268 2570 1168 2652; baseline 0.002 -19"><span class='ocrx_word' id='word_1_171' title='bbox 268 2572 382 2634; x_wconf 83' lang='lat' dir='ltr'>Merito</span> <span class='ocrx_word' id='word_1_172' title='bbox 393 2571 503 2652; x_wconf 87' lang='lat' dir='ltr'>itaque</span> <span class='ocrx_word' id='word_1_173' title='bbox 518 2580 647 2650; x_wconf 89' lang='lat' dir='ltr'>tempus</span> <span class='ocrx_word' id='word_1_174' title='bbox 663 2571 848 2633; x_wconf 83' lang='lat' dir='ltr'>absolutum</span> <span class='ocrx_word' id='word_1_175' title='bbox 863 2570 959 2632; x_wconf 85' lang='lat' dir='ltr'>ideate</span> <span class='ocrx_word' id='word_1_176' title='bbox 973 2571 1168 2652; x_wconf 89' lang='lat' dir='ltr'>appellatur.</span> 
     </span>
    </p>
   </div>
   <div class='ocr_carea' id='block_1_5' title="bbox 517 2721 1043 2914">
    <p class='ocr_par' dir='ltr' id='par_1_8' title="bbox 517 2721 1043 2914">
     <span class='ocr_line' id='line_1_24' title="bbox 659 2721 891 2775; baseline 0.013 -11"><span class='ocrx_word' id='word_1_177' title='bbox 659 2721 824 2767; x_wconf 74' lang='lat' dir='ltr'>narrandus</span> <span class='ocrx_word' id='word_1_178' title='bbox 846 2721 891 2775; x_wconf 90' lang='grc' dir='ltr'><strong>ιιι.</strong></span> 
     </span>
     <span class='ocr_line' id='line_1_25' title="bbox 517 2835 1043 2914; baseline 0.002 -19"><span class='ocrx_word' id='word_1_179' title='bbox 517 2835 559 2895; x_wconf 77' lang='lat' dir='ltr'>ne</span> <span class='ocrx_word' id='word_1_180' title='bbox 580 2842 670 2896; x_wconf 84' lang='lat' dir='ltr'>motu·</span> <span class='ocrx_word' id='word_1_181' title='bbox 680 2854 717 2896; x_wconf 91' lang='lat' dir='ltr'>ac</span> <span class='ocrx_word' id='word_1_182' title='bbox 731 2852 877 2896; x_wconf 86' lang='lat' dir='ltr'>mensura</span> <span class='ocrx_word' id='word_1_183' title='bbox 890 2837 1043 2914; x_wconf 83' lang='lat' dir='ltr'>temporis.</span> 
     </span>
    </p>
   </div>
   <div class='ocr_carea' id='block_1_6' title="bbox 198 2940 1387 4131">
    <p class='ocr_par' dir='ltr' id='par_1_9' title="bbox 224 2940 1387 3445">
     <span class='ocr_line' id='line_1_26' title="bbox 254 2940 1387 3052; baseline 0.004 -25"><span class='ocrx_word' id='word_1_184' title='bbox 254 2964 342 3049; x_wconf 88' lang='grc'><strong>596.</strong></span> <span class='ocrx_word' id='word_1_185' title='bbox 366 2965 578 3028; x_wconf 85' lang='lat' dir='ltr'>Mutationem</span> <span class='ocrx_word' id='word_1_186' title='bbox 598 2984 730 3030; x_wconf 90' lang='lat' dir='ltr'>omnem</span> <span class='ocrx_word' id='word_1_187' title='bbox 755 2984 948 3052; x_wconf 84' lang='lat' dir='ltr'>corpoream</span> <span class='ocrx_word' id='word_1_188' title='bbox 966 2977 1089 3029; x_wconf 89' lang='lat' dir='ltr'>veteres</span> <span class='ocrx_word' id='word_1_189' title='bbox 1104 2984 1178 3028; x_wconf 91' lang='lat' dir='ltr'>cum</span> <span class='ocrx_word' id='word_1_190' title='bbox 1194 2966 1322 3032; x_wconf 78' lang='lat' dir='ltr'>Aristo·</span> <span class='ocrx_word' id='word_1_191' title='bbox 1386 2940 1387 3001; x_wconf 51' lang='lat'>3</span> 
     </span>
     <span class='ocr_line' id='line_1_27' title="bbox 229 3052 1320 3146; baseline 0.004 -21"><span class='ocrx_word' id='word_1_192' title='bbox 229 3052 291 3127; x_wconf 86' lang='lat' dir='ltr'>tela</span> <span class='ocrx_word' id='word_1_193' title='bbox 307 3073 432 3127; x_wconf 88' lang='lat' dir='ltr'>motum</span> <span class='ocrx_word' id='word_1_194' title='bbox 449 3064 606 3127; x_wconf 90' lang='lat' dir='ltr'>vocabant</span> <span class='ocrx_word' id='word_1_195' title='bbox 622 3063 668 3143; x_wconf 90' lang='grc' dir='ltr'>(Ο,</span> <span class='ocrx_word' id='word_1_196' title='bbox 682 3066 753 3143; x_wconf 83' lang='grc'><strong>579)</strong></span> <span class='ocrx_word' id='word_1_197' title='bbox 765 3083 777 3142; x_wconf 89' lang='grc'>.;</span> <span class='ocrx_word' id='word_1_198' title='bbox 802 3065 835 3126; x_wconf 95' lang='lat' dir='ltr'>id</span> <span class='ocrx_word' id='word_1_199' title='bbox 862 3064 949 3146; x_wconf 89' lang='lat' dir='ltr'>quod</span> <span class='ocrx_word' id='word_1_200' title='bbox 968 3066 1000 3126; x_wconf 95' lang='lat' dir='ltr'>in</span> <span class='ocrx_word' id='word_1_201' title='bbox 1019 3067 1169 3145; x_wconf 87' lang='lat' dir='ltr'>praesenti</span> <span class='ocrx_word' id='word_1_202' title='bbox 1194 3067 1320 3146; x_wconf 90' lang='lat' dir='ltr'>potiori</span> 
     </span>
     <span class='ocr_line' id='line_1_28' title="bbox 226 3162 1387 3245; baseline -0.002 -20"><span class='ocrx_word' id='word_1_203' title='bbox 226 3164 300 3244; x_wconf 83' lang='lat' dir='ltr'>jure</span> <span class='ocrx_word' id='word_1_204' title='bbox 316 3162 420 3225; x_wconf 80' lang='lat' dir='ltr'>iacere</span> <span class='ocrx_word' id='word_1_205' title='bbox 441 3163 529 3237; x_wconf 86' lang='lat' dir='ltr'>licet,</span> <span class='ocrx_word' id='word_1_206' title='bbox 558 3181 633 3225; x_wconf 91' lang='lat' dir='ltr'>eum</span> <span class='ocrx_word' id='word_1_207' title='bbox 657 3182 769 3226; x_wconf 87' lang='lat' dir='ltr'>revera</span> <span class='ocrx_word' id='word_1_208' title='bbox 799 3167 936 3228; x_wconf 88' lang='lat' dir='ltr'>mutatio</span> <span class='ocrx_word' id='word_1_209' title='bbox 959 3165 1067 3228; x_wconf 92' lang='lat' dir='ltr'>omnis</span> <span class='ocrx_word' id='word_1_210' title='bbox 1092 3183 1252 3245; x_wconf 88' lang='lat' dir='ltr'>corporea</span> <span class='ocrx_word' id='word_1_211' title='bbox 1278 3167 1319 3227; x_wconf 89' lang='lat' dir='ltr'>ad</span> <span class='ocrx_word' id='word_1_212' title='bbox 1386 3204 1387 3223; x_wconf 64' lang='lat'><em>2</em></span> 
     </span>
     <span class='ocr_line' id='line_1_29' title="bbox 227 3263 1321 3346; baseline 0.002 -21"><span class='ocrx_word' id='word_1_213' title='bbox 227 3263 359 3325; x_wconf 88' lang='lat' dir='ltr'>unicam</span> <span class='ocrx_word' id='word_1_214' title='bbox 376 3271 483 3326; x_wconf 89' lang='lat' dir='ltr'>motus</span> <span class='ocrx_word' id='word_1_215' title='bbox 500 3263 613 3325; x_wconf 85' lang='lat' dir='ltr'>localis</span> <span class='ocrx_word' id='word_1_216' title='bbox 635 3265 808 3338; x_wconf 88' lang='lat' dir='ltr'>rationem,</span> <span class='ocrx_word' id='word_1_217' title='bbox 826 3275 861 3328; x_wconf 89' lang='lat' dir='ltr'>ut</span> <span class='ocrx_word' id='word_1_218' title='bbox 884 3265 1029 3327; x_wconf 82' lang='lat' dir='ltr'>diximus</span> <span class='ocrx_word' id='word_1_219' title='bbox 1043 3263 1126 3344; x_wconf 87' lang='grc'><strong>(595,</strong></span> <span class='ocrx_word' id='word_1_220' title='bbox 1144 3264 1200 3345; x_wconf 67' lang='grc'><strong>80),</strong></span> <span class='ocrx_word' id='word_1_221' title='bbox 1219 3267 1321 3346; x_wconf 68' lang='grc' dir='ltr'><strong>ρθιῑίέ</strong></span> 
     </span>
     <span class='ocr_line' id='line_1_30' title="bbox 224 3371 1387 3445; baseline 0.01 -22"><span class='ocrx_word' id='word_1_222' title='bbox 224 3371 313 3445; x_wconf 88' lang='lat' dir='ltr'>neat.</span> <span class='ocrx_word' id='word_1_223' title='bbox 1386 3430 1387 3435; x_wconf 73' lang='grc'>,</span> 
     </span>
    </p>

    <p class='ocr_par' dir='ltr' id='par_1_10' title="bbox 198 3459 1387 4131">
     <span class='ocr_line' id='line_1_31' title="bbox 270 3459 1323 3542; baseline 0.001 -20"><span class='ocrx_word' id='word_1_224' title='bbox 270 3459 552 3534; x_wconf 80' lang='lat' dir='ltr'>Quemadmodum</span> <span class='ocrx_word' id='word_1_225' title='bbox 574 3460 657 3540; x_wconf 82' lang='lat' dir='ltr'>quies</span> <span class='ocrx_word' id='word_1_226' title='bbox 675 3469 724 3521; x_wconf 86' lang='lat' dir='ltr'>est</span> <span class='ocrx_word' id='word_1_227' title='bbox 748 3460 960 3540; x_wconf 82' lang='lat' dir='ltr'>permanentia</span> <span class='ocrx_word' id='word_1_228' title='bbox 987 3460 1122 3540; x_wconf 84' lang='lat' dir='ltr'>corporis</span> <span class='ocrx_word' id='word_1_229' title='bbox 1150 3461 1186 3522; x_wconf 85' lang='lat' dir='ltr'>iu</span> <span class='ocrx_word' id='word_1_230' title='bbox 1214 3461 1323 3542; x_wconf 84' lang='lat' dir='ltr'>aliquo</span> 
     </span>
     <span class='ocr_line' id='line_1_32' title="bbox 228 3558 1322 3634; baseline 0.002 -12"><span class='ocrx_word' id='word_1_231' title='bbox 228 3562 303 3634; x_wconf 73' lang='lat' dir='ltr'>meo,</span> <span class='ocrx_word' id='word_1_232' title='bbox 322 3560 365 3620; x_wconf 91' lang='lat' dir='ltr'>ita</span> <span class='ocrx_word' id='word_1_233' title='bbox 376 3565 476 3621; x_wconf 84' lang='lat' dir='ltr'>motus</span> <span class='ocrx_word' id='word_1_234' title='bbox 498 3567 545 3620; x_wconf 89' lang='lat' dir='ltr'>est</span> <span class='ocrx_word' id='word_1_235' title='bbox 560 3560 708 3620; x_wconf 85' lang='lat' dir='ltr'>continua</span> <span class='ocrx_word' id='word_1_236' title='bbox 723 3558 782 3620; x_wconf 85' lang='lat' dir='ltr'>loci</span> <span class='ocrx_word' id='word_1_237' title='bbox 806 3560 935 3622; x_wconf 87' lang='lat' dir='ltr'>mutatio</span> <span class='ocrx_word' id='word_1_238' title='bbox 950 3582 961 3632; x_wconf 90' lang='grc'>,·</span> <span class='ocrx_word' id='word_1_239' title='bbox 978 3558 1130 3621; x_wconf 89' lang='lat' dir='ltr'>videlicet</span> <span class='ocrx_word' id='word_1_240' title='bbox 1155 3561 1322 3625; x_wconf 89' lang='lat' dir='ltr'>successio</span> 
     </span>
     <span class='ocr_line' id='line_1_33' title="bbox 229 3658 1321 3740; baseline 0.002 -19"><span class='ocrx_word' id='word_1_241' title='bbox 229 3658 431 3740; x_wconf 85' lang='lat' dir='ltr'>positionum</span> <span class='ocrx_word' id='word_1_242' title='bbox 447 3658 596 3739; x_wconf 89' lang='lat' dir='ltr'>corporis</span> <span class='ocrx_word' id='word_1_243' title='bbox 609 3658 864 3737; x_wconf 88' lang='lat' dir='ltr'>uniusrespecta</span> <span class='ocrx_word' id='word_1_244' title='bbox 878 3675 1055 3738; x_wconf 88' lang='lat' dir='ltr'>corporum</span> <span class='ocrx_word' id='word_1_245' title='bbox 1068 3658 1321 3723; x_wconf 89' lang='lat' dir='ltr'>coexistentium</span> 
     </span>
     <span class='ocr_line' id='line_1_34' title="bbox 229 3755 1387 3836; baseline 0.001 -17"><span class='ocrx_word' id='word_1_246' title='bbox 229 3758 324 3834; x_wconf 77' lang='grc'><strong>(581).</strong></span> <span class='ocrx_word' id='word_1_247' title='bbox 342 3757 538 3820; x_wconf 81' lang='lat' dir='ltr'>successivae</span> <span class='ocrx_word' id='word_1_248' title='bbox 550 3756 616 3836; x_wconf 88' lang='lat' dir='ltr'>jam</span> <span class='ocrx_word' id='word_1_249' title='bbox 633 3755 702 3816; x_wconf 90' lang='lat' dir='ltr'>istae</span> <span class='ocrx_word' id='word_1_250' title='bbox 717 3755 897 3835; x_wconf 89' lang='lat' dir='ltr'>positiones</span> <span class='ocrx_word' id='word_1_251' title='bbox 916 3764 947 3817; x_wconf 90' lang='lat' dir='ltr'>et</span> <span class='ocrx_word' id='word_1_252' title='bbox 971 3766 1098 3835; x_wconf 84' lang='lat' dir='ltr'>tempus</span> <span class='ocrx_word' id='word_1_253' title='bbox 1114 3760 1322 3820; x_wconf 89' lang='lat' dir='ltr'>constituunt</span> <span class='ocrx_word' id='word_1_254' title='bbox 1386 3766 1387 3769; x_wconf 76' lang='grc'>’</span> 
     </span>
     <span class='ocr_line' id='line_1_35' title="bbox 198 3853 1321 3934; baseline 0.002 -18"><span class='ocrx_word' id='word_1_255' title='bbox 198 3900 199 3903; x_wconf 63' lang='lat'>,</span> <span class='ocrx_word' id='word_1_256' title='bbox 228 3853 324 3934; x_wconf 87' lang='grc'><strong>(588),</strong></span> <span class='ocrx_word' id='word_1_257' title='bbox 355 3863 387 3916; x_wconf 89' lang='lat' dir='ltr'>et</span> <span class='ocrx_word' id='word_1_258' title='bbox 407 3855 548 3934; x_wconf 90' lang='lat' dir='ltr'>spatium</span> <span class='ocrx_word' id='word_1_259' title='bbox 580 3853 745 3933; x_wconf 89' lang='lat' dir='ltr'>quoddam</span> <span class='ocrx_word' id='word_1_260' title='bbox 773 3853 1004 3928; x_wconf 86' lang='lat' dir='ltr'>determinant,</span> <span class='ocrx_word' id='word_1_261' title='bbox 1036 3854 1136 3916; x_wconf 89' lang='lat' dir='ltr'>certis</span> <span class='ocrx_word' id='word_1_262' title='bbox 1155 3854 1321 3920; x_wconf 90' lang='lat' dir='ltr'>limitibus</span> 
     </span>
     <span class='ocr_line' id='line_1_36' title="bbox 229 3949 1320 4034; baseline 0.004 -21"><span class='ocrx_word' id='word_1_263' title='bbox 229 3953 502 4032; x_wconf 85' lang='lat' dir='ltr'>comprehensum</span> <span class='ocrx_word' id='word_1_264' title='bbox 520 3950 614 4028; x_wconf 75' lang='grc'><strong>(544).</strong></span> <span class='ocrx_word' id='word_1_265' title='bbox 632 3950 715 4011; x_wconf 82' lang='lat' dir='ltr'>Hinc</span> <span class='ocrx_word' id='word_1_266' title='bbox 730 3949 859 4012; x_wconf 89' lang='lat' dir='ltr'>duobus</span> <span class='ocrx_word' id='word_1_267' title='bbox 875 3951 946 4014; x_wconf 87' lang='lat' dir='ltr'>istis</span> <span class='ocrx_word' id='word_1_268' title='bbox 962 3952 1145 4027; x_wconf 87' lang='lat' dir='ltr'>elementis,</span> <span class='ocrx_word' id='word_1_269' title='bbox 1170 3961 1320 4034; x_wconf 88' lang='lat' dir='ltr'>tempore</span> 
     </span>
     <span class='ocr_line' id='line_1_37' title="bbox 229 4030 1387 4131; baseline 0.003 -21"><span class='ocrx_word' id='word_1_270' title='bbox 229 4059 267 4111; x_wconf 91' lang='lat' dir='ltr'>ae</span> <span class='ocrx_word' id='word_1_271' title='bbox 281 4050 399 4131; x_wconf 89' lang='lat' dir='ltr'>spatio,</span> <span class='ocrx_word' id='word_1_272' title='bbox 416 4058 523 4112; x_wconf 91' lang='lat' dir='ltr'>motus</span> <span class='ocrx_word' id='word_1_273' title='bbox 539 4050 726 4111; x_wconf 84' lang='lat' dir='ltr'>continetur</span> <span class='ocrx_word' id='word_1_274' title='bbox 737 4066 775 4110; x_wconf 88' lang='lat' dir='ltr'>ae</span> <span class='ocrx_word' id='word_1_275' title='bbox 786 4059 1005 4113; x_wconf 87' lang='lat' dir='ltr'>mensuratur.</span> <span class='ocrx_word' id='word_1_276' title='bbox 1386 4030 1387 4047; x_wconf 40' lang='lat'>¹</span> 
     </span>
    </p>
   </div>
   <div class='ocr_carea' id='block_1_7' title="bbox 0 0 1401 4600">
    <p class='ocr_par' dir='ltr' id='par_1_11' title="bbox 0 0 1401 4600">
     <span class='ocr_line' id='line_1_38' title="bbox 0 0 1401 4600; baseline 0 0"><span class='ocrx_word' id='word_1_277' title='bbox 0 0 1401 4600; x_wconf 95' lang='lat' dir='ltr'> </span> 
     </span>
    </p>
   </div>
  </div>
 </body>
</html>
