2792 4600
445 345 533 390 urere
554 345 688 405 nunnius,
711 345 803 392 canor
824 346 847 395 r.
1124 330 1183 394 aot

73 482 76 488 ¹
98 457 177 539 quia
192 458 362 522 existentia
379 458 632 540 possibilitatem
645 460 803 541 supponit
816 478 825 537 ;
839 459 967 543 quianad
980 460 1187 524 existentiam

97 557 250 622 traducto
263 576 329 621 uuo
342 576 492 639 corpore,
503 558 679 639 aequalium
695 557 757 632 illi,
768 577 907 640 quaeque
921 560 1011 622 illius
1024 562 1097 624 loeo
1110 569 1187 625 sult-

99 656 194 718 stitui
212 667 356 737 possent,
376 657 576 738 possibilitas
591 674 657 720 non
674 658 796 722 delicit.

142 755 198 819 Sic
228 756 337 837 itaque
359 766 457 837 patet,
488 757 585 838 spatii
610 755 752 819 absoluti
783 764 886 833 notas,
908 775 980 837 quae
1010 757 1190 823 insolubile

10 897 11 908 r
99 854 241 935 aeuigrna
256 854 386 930 offerre,
405 857 472 919 imo
489 855 786 919 contradictionem
801 854 971 917 continere
992 857 1145 920 videntur
1159 858 1186 934 si

99 951 246 1031 spatium
261 962 296 1015 ut
311 970 363 1014 res
379 951 528 1033 quadam
545 952 579 1013 in
595 960 680 1014 statu
692 951 874 1014 existentia
886 952 991 1032 posita
1003 954 1191 1017 considere·

99 1063 167 1124 tur,
182 1051 304 1130 optime
315 1050 482 1131 explicari,
497 1051 689 1131 nullamque
701 1050 845 1131 amplius
858 1049 1003 1130 objicere
1015 1050 1188 1115 difficulta·

99 1135 181 1225 tem,
198 1149 225 1210 si
241 1150 282 1211 ad
297 1149 521 1213 extensionem
538 1148 729 1231 possibilem
746 1146 940 1213 reserantur.

145 1248 229 1331 Ergo
245 1268 356 1312 revera
371 1250 514 1331 spatium
530 1251 719 1312 absolutum
735 1248 820 1310 nihil
838 1257 884 1312 est
900 1249 1003 1325 aliud,
1020 1266 1119 1331 quam
1135 1268 1189 1312 ex·

101 1351 211 1413 tensio
224 1348 393 1431 possibilis
409 1350 571 1413 intellecta
588 1358 619 1412 et
635 1347 803 1411 existentis
833 1349 1032 1412 extensionis
1054 1350 1191 1430 phanta-

102 1448 201 1509 smati
217 1447 415 1511 consociata.

146 1544 219 1610 556.
236 1546 283 1610 lix
301 1546 352 1608 nis
367 1543 502 1626 colliges
524 1545 555 1608 1⁰
570 1544 718 1624 Spatium
734 1543 921 1607 absolutum
944 1546 1062 1610 merito
1082 1548 1208 1610 voc-ari,

102 1645 213 1719 idcote
230 1657 286 1708 aut
297 1647 395 1707 etiam
406 1644 644 1725 inopinariam.
673 1643 778 1719 deale,
791 1643 870 1725 quia
882 1643 973 1707 nulle
984 1645 1049 1706 alia
1060 1643 1191 1711 realitas

104 1746 141 1806 in
158 1755 263 1820 coest,
276 1762 373 1825 quam
388 1761 460 1824 qnae
472 1751 520 1806 est
531 1742 654 1824 possibi
673 1743 761 1805 itatis
775 1744 921 1824 propria,
930 1761 1048 1826 nempe
1063 1746 1192 1811 realitas

104 1844 329 1925 metaphysica
341 1852 372 1905 et
383 1842 636 1922 abstractaque}
648 1843 799 1906 solumin
815 1849 899 1908 statu
913 1843 1010 1904 ideali
1024 1846 1191 1909 actualita-

103 1952 171 2004 tem
191 1941 299 2005 habet.
316 1941 650 2023 Imaginarium‘vero,
668 1941 747 2022 quia
764 1941 818 2003 hic
829 1953 1006 2022 conceptus
1022 1941 1063 2003 ab
1077 1942 1192 2025 imagi-

104 2042 241 2103 natione
257 2041 457 2105 extensionis
472 2040 639 2104 existeotis
655 2038 766 2101 divelli
784 2041 909 2121 nequit.

147 2141 181 2202 2⁰
201 2141 457 2204 immensitatem
480 2141 623 2201 divinam
647 2138 714 2201 diei
732 2155 828 2219 posse
843 2140 955 2219 aliquo
976 2157 1075 2203 seusu
1095 2142 1191 2222 spatii

106 2239 279 2323 possibilis
299 2240 560 2304 tundamentum.
582 2240 775 2320 Quanquam
792 2239 881 2301 euim
907 2239 1047 2302 essentia
1068 2239 1191 2319 divina,
1258 2281 1261 2286 ι

107 2349 144 2403 ut
159 2339 241 2402 alibi
256 2339 461 2403 ostendimus
476 2340 526 2419 (0.
543 2337 605 2418 84),
623 2337 665 2400 sit
681 2335 890 2417 possibilium
906 2338 1055 2399 omnium
1076 2338 1193 2401 lunda·

108 2445 270 2513 mentum,
287 2447 318 2500 et
333 2436 572 2518 omnipotentia
583 2436 625 2498 sit
640 2435 725 2499 ratio
736 2452 795 2498 eur
810 2434 851 2496 ad
863 2435 1067 2497 existentiam
1083 2438 1194 2502 venire

108 2538 256 2618 possint;
271 2544 379 2598 tamen
401 2536 427 2596 si
448 2533 695 2616 praese'ntialitas
714 2532 835 2595 divinae
855 2533 1043 2597 substantiae
1066 2534 1193 2600 infinita

17 2682 20 2721 :
107 2652 175 2698 non
190 2642 286 2710 esset,
291 2636 358 2713 jann
367 2634 512 2711 extensio
526 2632 848 2714 possibilislimitata
859 2641 960 2696 esset:
978 2633 1088 2719 diviua
1103 2635 1193 2698 enim

107 2733 267 2815 potentia,
288 2750 361 2813 quae
382 2750 520 2812 corpora
533 2740 622 2805 ,creat
637 2741 668 2793 et
686 2737 868 2805 conservat,
885 2748 953 2794 nou
975 2741 1081 2811 potest
1096 2733 1194 2796 latius

108 2840 218 2912 patere
234 2848 333 2911 quam
346 2830 465 2893 divinae
478 2829 667 2892 substantia
679 2827 939 2910 presentialitas.
956 2828 1018 2892 Sed
1035 2830 1076 2893 de
1093 2830 1143 2895 his
1159 2832 1194 2897 in

108 2929 286 3010 theologia.

148 3026 163 3055 *
178 3028 251 3090 557.
262 3026 367 3106 objici
376 3024 651 3090 soletl⁰Sublatis
663 3024 819 3087 omuibus
831 3023 1039 3106 corporibus,
1053 3026 1195 3107 spatium

109 3127 197 3207 quod
210 3143 380 3206 superesse
393 3124 621 3204 intelligimus,
632 3123 854 3210 mensurabile
862 3133 921 3186 est.
932 3123 994 3187 Sed
1008 3125 1097 3204 quod
1106 3143 1195 3189 men·

109 3225 255 3289 surabile
271 3234 334 3300 est,
349 3224 437 3287 reale
452 3232 511 3286 est.
525 3224 623 3303 Ergo.
710 3276 712 3280 ,

149 3327 183 3388 2⁰
197 3325 233 3388 Si
265 3326 341 3406 quis
362 3325 402 3385 ad
424 3333 584 3385 extremas
607 3321 723 3383 mundi
747 3338 822 3384 oras
851 3331 1071 3401 procurreret,
1093 3322 1196 3387 telum

111 3423 261 3505 jaculari,
277 3424 326 3485 vel
343 3422 516 3485 brachium
532 3420 681 3483 attollere
693 3419 841 3500 prolecto
856 3428 978 3500 posset.
996 3421 1070 3484 llaec
1087 3429 1195 3486 autem
1299 3500 1302 3507 .

110 3521 178 3584 lieri
203 3521 238 3583 in
254 3520 374 3596 nihilo,
405 3520 455 3582 rel
479 3520 514 3582 in
537 3519 609 3581 idea
631 3517 802 3594 abstracta,
825 3528 872 3579 est
897 3518 1088 3583 absurdum.
1112 3522 1197 3602 Ergo

111 3620 253 3701 spatium
270 3629 358 3681 extra
374 3617 489 3681 mundi
505 3634 579 3681 oras
595 3615 774 3690 infinitum,
791 3617 877 3679 reale
890 3628 950 3680 est.

151 3716 241 3780 *aaa
257 3716 355 3798 Resp.
376 3718 417 3779 ad
434 3717 473 3780 1¹⁰
496 3717 575 3780 [liat.
592 3713 812 3778 Memorabile
841 3724 890 3776 est
910 3708 1197 3797 terminis'corpo·

112 3834 185 3880 rum
201 3815 424 3897 possibilium,
439 3833 523 3879 conc.
538 3833 548 3891 ;
562 3814 714 3877 terminis
726 3812 871 3894 propriis
886 3813 1093 3889 cerealibus,
1109 3831 1198 3896 nepo.

112 3915 339 3979 distinctionis
354 3915 438 3978 ratio
454 3914 625 3976 manifesta
640 3925 700 3975 est.
717 3911 861 3992 Corpora
877 3911 1047 3992 possibilia
1070 3911 1199 3975 dimen-

115 4016 222 4085 siones
238 4012 371 4089 habent,
402 4023 434 4074 et
463 4013 511 4074 lrae
534 4012 640 4074 solum
664 4008 888 4072 dimensiones
916 4009 951 4070 in
973 4012 1076 4090 spatio
1099 4009 1199 4074 ideali
