<?xml version="1.0" encoding="UTF-8"?>
<!DOCTYPE html PUBLIC "-//W3C//DTD XHTML 1.0 Transitional//EN"
    "http://www.w3.org/TR/xhtml1/DTD/xhtml1-transitional.dtd">
<html xmlns="http://www.w3.org/1999/xhtml" xml:lang="en" lang="en">
 <head>
  <title>
</title>
<meta http-equiv="Content-Type" content="text/html;charset=utf-8" />
  <meta name='ocr-system' content='tesseract 3.04.00' />
  <meta name='ocr-capabilities' content='ocr_page ocr_carea ocr_par ocr_line ocrx_word'/>
</head>
<body>
  <div class='ocr_page' id='page_1' title='image "./institutionesph01tonggoog_0326.png"; bbox 0 0 2792 4600; ppageno 0'>
   <div class='ocr_carea' id='block_1_1' title="bbox 170 316 797 380">
    <p class='ocr_par' dir='ltr' id='par_1_1' title="bbox 170 316 797 380">
     <span class='ocr_line' id='line_1_1' title="bbox 170 316 797 380; baseline -0.011 0"><span class='ocrx_word' id='word_1_1' title='bbox 170 316 233 380; x_wconf 81' lang='lat'><strong>318</strong></span> <span class='ocrx_word' id='word_1_2' title='bbox 607 327 797 374; x_wconf 80' lang='lat' dir='ltr'><strong>cosuouoen.</strong></span> 
     </span>
    </p>
   </div>
   <div class='ocr_carea' id='block_1_2' title="bbox 166 440 1266 1809">
    <p class='ocr_par' dir='ltr' id='par_1_2' title="bbox 166 440 1266 1809">
     <span class='ocr_line' id='line_1_2' title="bbox 169 440 1263 528; baseline -0.005 -18"><span class='ocrx_word' id='word_1_3' title='bbox 169 464 319 528; x_wconf 85' lang='lat' dir='ltr'><strong>corpora,</strong></span> <span class='ocrx_word' id='word_1_4' title='bbox 338 462 410 526; x_wconf 81' lang='lat' dir='ltr'><strong>quae</strong></span> <span class='ocrx_word' id='word_1_5' title='bbox 427 443 523 505; x_wconf 90' lang='lat' dir='ltr'><strong>nobis</strong></span> <span class='ocrx_word' id='word_1_6' title='bbox 539 450 616 505; x_wconf 89' lang='lat' dir='ltr'><strong>uota</strong></span> <span class='ocrx_word' id='word_1_7' title='bbox 636 452 725 517; x_wconf 85' lang='lat' dir='ltr'><strong>sunt,</strong></span> <span class='ocrx_word' id='word_1_8' title='bbox 740 459 805 504; x_wconf 92' lang='lat' dir='ltr'><strong>una</strong></span> <span class='ocrx_word' id='word_1_9' title='bbox 822 453 896 503; x_wconf 88' lang='lat' dir='ltr'><strong>cum</strong></span> <span class='ocrx_word' id='word_1_10' title='bbox 913 440 982 503; x_wconf 87' lang='lat' dir='ltr'><strong>sole</strong></span> <span class='ocrx_word' id='word_1_11' title='bbox 999 450 1137 521; x_wconf 80' lang='lat' dir='ltr'><strong>systema</strong></span> <span class='ocrx_word' id='word_1_12' title='bbox 1153 444 1263 523; x_wconf 85' lang='lat' dir='ltr'><strong>quod·</strong></span> 
     </span>
     <span class='ocr_line' id='line_1_3' title="bbox 169 539 1263 626; baseline -0.004 -18"><span class='ocrx_word' id='word_1_13' title='bbox 169 547 245 608; x_wconf 91' lang='lat' dir='ltr'><strong>dam</strong></span> <span class='ocrx_word' id='word_1_14' title='bbox 261 543 476 615; x_wconf 86' lang='lat' dir='ltr'><strong>constituunt,</strong></span> <span class='ocrx_word' id='word_1_15' title='bbox 491 541 525 602; x_wconf 91' lang='lat' dir='ltr'><strong>in</strong></span> <span class='ocrx_word' id='word_1_16' title='bbox 538 558 604 621; x_wconf 91' lang='lat' dir='ltr'><strong>quo</strong></span> <span class='ocrx_word' id='word_1_17' title='bbox 617 540 666 604; x_wconf 90' lang='lat' dir='ltr'><strong>sol</strong></span> <span class='ocrx_word' id='word_1_18' title='bbox 679 539 826 602; x_wconf 89' lang='lat' dir='ltr'><strong>medium</strong></span> <span class='ocrx_word' id='word_1_19' title='bbox 840 549 987 619; x_wconf 86' lang='lat' dir='ltr'><strong>occupat,</strong></span> <span class='ocrx_word' id='word_1_20' title='bbox 1003 541 1073 621; x_wconf 89' lang='lat' dir='ltr'><strong>ipsa</strong></span> <span class='ocrx_word' id='word_1_21' title='bbox 1084 559 1161 605; x_wconf 88' lang='lat' dir='ltr'><strong>vero</strong></span> <span class='ocrx_word' id='word_1_22' title='bbox 1172 542 1263 626; x_wconf 80' lang='lat' dir='ltr'><strong>circa</strong></span> 
     </span>
     <span class='ocr_line' id='line_1_4' title="bbox 168 637 1262 722; baseline -0.005 -15"><span class='ocrx_word' id='word_1_23' title='bbox 168 642 272 707; x_wconf 86' lang='lat' dir='ltr'><strong>solem</strong></span> <span class='ocrx_word' id='word_1_24' title='bbox 285 654 438 722; x_wconf 77' lang='lat' dir='ltr'><strong>tanquam</strong></span> <span class='ocrx_word' id='word_1_25' title='bbox 452 647 600 701; x_wconf 81' lang='lat' dir='ltr'><strong>centrum</strong></span> <span class='ocrx_word' id='word_1_26' title='bbox 614 639 752 718; x_wconf 84' lang='lat' dir='ltr'><strong>perenni</strong></span> <span class='ocrx_word' id='word_1_27' title='bbox 761 637 902 701; x_wconf 86' lang='lat' dir='ltr'><strong>circuitu</strong></span> <span class='ocrx_word' id='word_1_28' title='bbox 915 638 1077 702; x_wconf 85' lang='lat' dir='ltr'><strong>feruntur.</strong></span> <span class='ocrx_word' id='word_1_29' title='bbox 1087 638 1143 701; x_wconf 85' lang='lat' dir='ltr'><strong>Est</strong></span> <span class='ocrx_word' id='word_1_30' title='bbox 1151 649 1262 702; x_wconf 90' lang='lat' dir='ltr'><strong>autem</strong></span> 
     </span>
     <span class='ocr_line' id='line_1_5' title="bbox 167 736 1263 821; baseline -0.004 -18"><span class='ocrx_word' id='word_1_31' title='bbox 167 740 309 804; x_wconf 82' lang='lat' dir='ltr'><strong>maxime</strong></span> <span class='ocrx_word' id='word_1_32' title='bbox 326 737 508 821; x_wconf 82' lang='lat' dir='ltr'>probabile,</span> <span class='ocrx_word' id='word_1_33' title='bbox 525 737 635 800; x_wconf 88' lang='lat' dir='ltr'><strong>stellas</strong></span> <span class='ocrx_word' id='word_1_34' title='bbox 658 736 804 815; x_wconf 80' lang='lat' dir='ltr'><strong>singulas</strong></span> <span class='ocrx_word' id='word_1_35' title='bbox 819 755 879 799; x_wconf 87' lang='lat' dir='ltr'><strong>suo</strong></span> <span class='ocrx_word' id='word_1_36' title='bbox 896 738 1101 817; x_wconf 88' lang='lat' dir='ltr'><strong>planetarum</strong></span> <span class='ocrx_word' id='word_1_37' title='bbox 1117 747 1263 801; x_wconf 82' lang='lat' dir='ltr'><strong>cometa-</strong></span> 
     </span>
     <span class='ocr_line' id='line_1_6' title="bbox 166 834 1262 921; baseline -0.006 -16"><span class='ocrx_word' id='word_1_38' title='bbox 166 858 308 921; x_wconf 84' lang='lat' dir='ltr'><strong>rumque</strong></span> <span class='ocrx_word' id='word_1_39' title='bbox 335 837 489 901; x_wconf 86' lang='lat' dir='ltr'>satellitio</span> <span class='ocrx_word' id='word_1_40' title='bbox 516 836 645 916; x_wconf 90' lang='lat' dir='ltr'><strong>stipari,</strong></span> <span class='ocrx_word' id='word_1_41' title='bbox 662 834 941 916; x_wconf 91' lang='lat' dir='ltr'><strong>quemadmodum</strong></span> <span class='ocrx_word' id='word_1_42' title='bbox 968 836 1036 912; x_wconf 90' lang='lat' dir='ltr'><strong>sol;</strong></span> <span class='ocrx_word' id='word_1_43' title='bbox 1061 855 1098 898; x_wconf 88' lang='lat' dir='ltr'><strong>ao</strong></span> <span class='ocrx_word' id='word_1_44' title='bbox 1119 836 1262 917; x_wconf 81' lang='lat' dir='ltr'>proinde</span> 
     </span>
     <span class='ocr_line' id='line_1_7' title="bbox 169 933 1263 1019; baseline -0.005 -17"><span class='ocrx_word' id='word_1_45' title='bbox 169 947 308 1019; x_wconf 79' lang='lat' dir='ltr'><strong>systema</strong></span> <span class='ocrx_word' id='word_1_46' title='bbox 322 935 428 1000; x_wconf 91' lang='lat' dir='ltr'><strong>solare</strong></span> <span class='ocrx_word' id='word_1_47' title='bbox 444 935 528 997; x_wconf 85' lang='lat' dir='ltr'><strong>uilril</strong></span> <span class='ocrx_word' id='word_1_48' title='bbox 542 934 632 997; x_wconf 88' lang='lat' dir='ltr'><strong>aliud</strong></span> <span class='ocrx_word' id='word_1_49' title='bbox 645 953 716 997; x_wconf 90' lang='lat' dir='ltr'><strong>esse</strong></span> <span class='ocrx_word' id='word_1_50' title='bbox 729 933 793 996; x_wconf 88' lang='lat' dir='ltr'><strong>uisi</strong></span> <span class='ocrx_word' id='word_1_51' title='bbox 808 952 910 997; x_wconf 90' lang='lat' dir='ltr'><strong>uuum</strong></span> <span class='ocrx_word' id='word_1_52' title='bbox 924 953 941 996; x_wconf 88' lang='lat' dir='ltr'><strong>e</strong></span> <span class='ocrx_word' id='word_1_53' title='bbox 953 935 1091 997; x_wconf 83' lang='lat' dir='ltr'><strong>sidereis</strong></span> <span class='ocrx_word' id='word_1_54' title='bbox 1106 945 1263 1015; x_wconf 90' lang='lat' dir='ltr'><strong>systema·</strong></span> 
     </span>
     <span class='ocr_line' id='line_1_8' title="bbox 167 1032 1265 1114; baseline -0.005 -13"><span class='ocrx_word' id='word_1_55' title='bbox 167 1037 269 1113; x_wconf 89' lang='lat' dir='ltr'><strong>tibus,</strong></span> <span class='ocrx_word' id='word_1_56' title='bbox 287 1054 324 1099; x_wconf 89' lang='lat' dir='ltr'><strong>ac</strong></span> <span class='ocrx_word' id='word_1_57' title='bbox 337 1035 473 1099; x_wconf 79' lang='lat' dir='ltr'><strong>fortasse</strong></span> <span class='ocrx_word' id='word_1_58' title='bbox 489 1052 550 1096; x_wconf 89' lang='lat' dir='ltr'><strong>nec</strong></span> <span class='ocrx_word' id='word_1_59' title='bbox 562 1034 753 1109; x_wconf 79' lang='lat' dir='ltr'><strong>maximum,</strong></span> <span class='ocrx_word' id='word_1_60' title='bbox 768 1052 828 1096; x_wconf 91' lang='lat' dir='ltr'><strong>uec</strong></span> <span class='ocrx_word' id='word_1_61' title='bbox 841 1034 1119 1114; x_wconf 88' lang='lat' dir='ltr'><strong>copiosissimum.</strong></span> <span class='ocrx_word' id='word_1_62' title='bbox 1134 1032 1265 1106; x_wconf 82' lang='lat' dir='ltr'><strong>Quibus</strong></span> 
     </span>
     <span class='ocr_line' id='line_1_9' title="bbox 168 1130 1263 1217; baseline -0.006 -17"><span class='ocrx_word' id='word_1_63' title='bbox 168 1153 245 1200; x_wconf 90' lang='lat' dir='ltr'><strong>vero</strong></span> <span class='ocrx_word' id='word_1_64' title='bbox 262 1132 477 1196; x_wconf 82' lang='lat' dir='ltr'><strong>relationibus</strong></span> <span class='ocrx_word' id='word_1_65' title='bbox 493 1130 722 1202; x_wconf 82' lang='lat' dir='ltr'><strong>stellariahaeo</strong></span> <span class='ocrx_word' id='word_1_66' title='bbox 735 1141 906 1211; x_wconf 83' lang='lat' dir='ltr'><strong>systemata</strong></span> <span class='ocrx_word' id='word_1_67' title='bbox 920 1130 1006 1197; x_wconf 85' lang='lat' dir='ltr'><strong>iuter</strong></span> <span class='ocrx_word' id='word_1_68' title='bbox 1018 1150 1052 1193; x_wconf 88' lang='lat' dir='ltr'><strong>se</strong></span> <span class='ocrx_word' id='word_1_69' title='bbox 1065 1140 1263 1217; x_wconf 84' lang='lat' dir='ltr'><strong>conuectan-</strong></span> 
     </span>
     <span class='ocr_line' id='line_1_10' title="bbox 168 1229 1263 1311; baseline -0.005 -13"><span class='ocrx_word' id='word_1_70' title='bbox 168 1243 234 1309; x_wconf 88' lang='lat' dir='ltr'><strong>tur‚</strong></span> <span class='ocrx_word' id='word_1_71' title='bbox 249 1252 346 1296; x_wconf 89' lang='lat' dir='ltr'><strong>nemo</strong></span> <span class='ocrx_word' id='word_1_72' title='bbox 359 1249 434 1295; x_wconf 91' lang='lat' dir='ltr'><strong>cum</strong></span> <span class='ocrx_word' id='word_1_73' title='bbox 447 1229 677 1311; x_wconf 83' lang='lat' dir='ltr'><strong>probabilitate</strong></span> <span class='ocrx_word' id='word_1_74' title='bbox 690 1229 909 1293; x_wconf 89' lang='lat' dir='ltr'><strong>determinare</strong></span> <span class='ocrx_word' id='word_1_75' title='bbox 923 1239 1040 1309; x_wconf 89' lang='lat' dir='ltr'><strong>potest.</strong></span> <span class='ocrx_word' id='word_1_76' title='bbox 1049 1230 1263 1311; x_wconf 75' lang='lat' dir='ltr'><strong>compertum</strong></span> 
     </span>
     <span class='ocr_line' id='line_1_11' title="bbox 168 1327 1265 1411; baseline -0.006 -14"><span class='ocrx_word' id='word_1_77' title='bbox 168 1342 277 1398; x_wconf 89' lang='lat' dir='ltr'><strong>tamen</strong></span> <span class='ocrx_word' id='word_1_78' title='bbox 305 1331 339 1393; x_wconf 92' lang='lat' dir='ltr'><strong>in</strong></span> <span class='ocrx_word' id='word_1_79' title='bbox 364 1329 514 1411; x_wconf 81' lang='lat' dir='ltr'><strong>praesenti</strong></span> <span class='ocrx_word' id='word_1_80' title='bbox 536 1337 596 1401; x_wconf 87' lang='lat' dir='ltr'><strong>est,</strong></span> <span class='ocrx_word' id='word_1_81' title='bbox 618 1327 776 1408; x_wconf 89' lang='lat' dir='ltr'><strong>quasdam</strong></span> <span class='ocrx_word' id='word_1_82' title='bbox 801 1328 911 1391; x_wconf 89' lang='lat' dir='ltr'><strong>stellas</strong></span> <span class='ocrx_word' id='word_1_83' title='bbox 939 1328 1026 1391; x_wconf 85' lang='lat' dir='ltr'><strong>eirca</strong></span> <span class='ocrx_word' id='word_1_84' title='bbox 1049 1329 1130 1391; x_wconf 90' lang='lat' dir='ltr'><strong>alias</strong></span> <span class='ocrx_word' id='word_1_85' title='bbox 1152 1329 1265 1391; x_wconf 86' lang='lat' dir='ltr'><strong>stellas</strong></span> 
     </span>
     <span class='ocr_line' id='line_1_12' title="bbox 167 1427 1264 1509; baseline -0.005 -15"><span class='ocrx_word' id='word_1_86' title='bbox 167 1430 305 1504; x_wconf 90' lang='lat' dir='ltr'><strong>moveri,</strong></span> <span class='ocrx_word' id='word_1_87' title='bbox 322 1430 497 1508; x_wconf 89' lang='lat' dir='ltr'><strong>ipsumque</strong></span> <span class='ocrx_word' id='word_1_88' title='bbox 523 1427 627 1490; x_wconf 89' lang='lat' dir='ltr'><strong>solem</strong></span> <span class='ocrx_word' id='word_1_89' title='bbox 654 1446 765 1491; x_wconf 86' lang='lat' dir='ltr'><strong>versus</strong></span> <span class='ocrx_word' id='word_1_90' title='bbox 793 1427 943 1490; x_wconf 87' lang='lat' dir='ltr'><strong>Herculis</strong></span> <span class='ocrx_word' id='word_1_91' title='bbox 967 1430 1097 1509; x_wconf 78' lang='lat' dir='ltr'><strong>signum</strong></span> <span class='ocrx_word' id='word_1_92' title='bbox 1115 1428 1206 1504; x_wconf 82' lang='lat' dir='ltr'><strong>ferri,</strong></span> <span class='ocrx_word' id='word_1_93' title='bbox 1224 1447 1264 1490; x_wconf 84' lang='lat' dir='ltr'><strong>ao</strong></span> 
     </span>
     <span class='ocr_line' id='line_1_13' title="bbox 168 1526 1263 1612; baseline -0.004 -19"><span class='ocrx_word' id='word_1_94' title='bbox 168 1528 385 1611; x_wconf 87' lang='lat' dir='ltr'><strong>probabiliter</strong></span> <span class='ocrx_word' id='word_1_95' title='bbox 397 1529 646 1608; x_wconf 89' lang='lat' dir='ltr'><strong>ipsumquoque</strong></span> <span class='ocrx_word' id='word_1_96' title='bbox 655 1526 885 1607; x_wconf 87' lang='lat' dir='ltr'><strong>circaaliquod</strong></span> <span class='ocrx_word' id='word_1_97' title='bbox 895 1529 1097 1612; x_wconf 83' lang='lat' dir='ltr'><strong>attractionis</strong></span> <span class='ocrx_word' id='word_1_98' title='bbox 1109 1537 1263 1590; x_wconf 85' lang='lat' dir='ltr'><strong>centrum</strong></span> 
     </span>
     <span class='ocr_line' id='line_1_14' title="bbox 167 1625 1266 1706; baseline -0.003 -13"><span class='ocrx_word' id='word_1_99' title='bbox 167 1647 260 1694; x_wconf 88' lang='lat' dir='ltr'><strong>suam</strong></span> <span class='ocrx_word' id='word_1_100' title='bbox 268 1627 410 1691; x_wconf 90' lang='lat' dir='ltr'><strong>orbitam</strong></span> <span class='ocrx_word' id='word_1_101' title='bbox 423 1626 543 1689; x_wconf 86' lang='lat' dir='ltr'><strong>babere</strong></span> <span class='ocrx_word' id='word_1_102' title='bbox 557 1626 762 1706; x_wconf 83' lang='lat' dir='ltr'><strong>praefinitam.</strong></span> <span class='ocrx_word' id='word_1_103' title='bbox 773 1625 914 1691; x_wconf 86' lang='lat' dir='ltr'><strong>Consule</strong></span> <span class='ocrx_word' id='word_1_104' title='bbox 927 1636 1133 1691; x_wconf 77' lang='lat' dir='ltr'><strong>astronomos</strong></span> <span class='ocrx_word' id='word_1_105' title='bbox 1145 1644 1153 1691; x_wconf 74' lang='grc' dir='ltr'><strong>ε</strong></span> <span class='ocrx_word' id='word_1_106' title='bbox 1164 1627 1266 1691; x_wconf 90' lang='lat' dir='ltr'><strong>uobis</strong></span> 
     </span>
     <span class='ocr_line' id='line_1_15' title="bbox 170 1724 930 1809; baseline -0.001 -18"><span class='ocrx_word' id='word_1_107' title='bbox 170 1728 212 1791; x_wconf 85' lang='lat' dir='ltr'><strong>ad</strong></span> <span class='ocrx_word' id='word_1_108' title='bbox 229 1744 365 1807; x_wconf 85' lang='lat' dir='ltr'><strong>scopum</strong></span> <span class='ocrx_word' id='word_1_109' title='bbox 382 1734 532 1789; x_wconf 88' lang='lat' dir='ltr'><strong>nostrum</strong></span> <span class='ocrx_word' id='word_1_110' title='bbox 550 1724 670 1788; x_wconf 89' lang='lat' dir='ltr'><strong>sufficit</strong></span> <span class='ocrx_word' id='word_1_111' title='bbox 687 1726 756 1788; x_wconf 76' lang='lat' dir='ltr'><strong>baec</strong></span> <span class='ocrx_word' id='word_1_112' title='bbox 772 1727 930 1809; x_wconf 82' lang='lat' dir='ltr'><strong>attigisse.</strong></span> 
     </span>
    </p>
   </div>
   <div class='ocr_carea' id='block_1_3' title="bbox 558 1875 883 2053">
    <p class='ocr_par' dir='ltr' id='par_1_3' title="bbox 558 1875 883 2053">
     <span class='ocr_line' id='line_1_16' title="bbox 608 1875 883 1923; baseline -0.022 -3"><span class='ocrx_word' id='word_1_113' title='bbox 608 1875 772 1922; x_wconf 76' lang='lat' dir='ltr'><strong>naucerus</strong></span> <span class='ocrx_word' id='word_1_114' title='bbox 794 1875 827 1923; x_wconf 89' lang='lat' dir='ltr'><strong>u.</strong></span> <span class='ocrx_word' id='word_1_115' title='bbox 882 1911 883 1914; x_wconf 74' lang='grc'>,</span> 
     </span>
     <span class='ocr_line' id='line_1_17' title="bbox 558 1988 881 2053; baseline 0.009 -3"><span class='ocrx_word' id='word_1_116' title='bbox 558 1988 602 2050; x_wconf 79' lang='lat' dir='ltr'><strong>lle</strong></span> <span class='ocrx_word' id='word_1_117' title='bbox 623 1989 732 2052; x_wconf 83' lang='lat' dir='ltr'><strong>mundi</strong></span> <span class='ocrx_word' id='word_1_118' title='bbox 752 1989 881 2053; x_wconf 79' lang='lat' dir='ltr'><strong>onitate.</strong></span> 
     </span>
    </p>
   </div>
   <div class='ocr_carea' id='block_1_4' title="bbox 170 2120 1271 3290">
    <p class='ocr_par' dir='ltr' id='par_1_4' title="bbox 170 2120 1269 2401">
     <span class='ocr_line' id='line_1_18' title="bbox 214 2120 1269 2202; baseline 0 -16"><span class='ocrx_word' id='word_1_119' title='bbox 214 2121 286 2186; x_wconf 64' lang='lat' dir='ltr'><strong>ill.</strong></span> <span class='ocrx_word' id='word_1_120' title='bbox 304 2121 401 2185; x_wconf 87' lang='lat' dir='ltr'><strong>Binas</strong></span> <span class='ocrx_word' id='word_1_121' title='bbox 418 2121 482 2183; x_wconf 88' lang='lat' dir='ltr'><strong>hoc</strong></span> <span class='ocrx_word' id='word_1_122' title='bbox 498 2120 595 2183; x_wconf 91' lang='lat' dir='ltr'><strong>titulo</strong></span> <span class='ocrx_word' id='word_1_123' title='bbox 610 2123 808 2202; x_wconf 79' lang='lat' dir='ltr'><strong>questiones</strong></span> <span class='ocrx_word' id='word_1_124' title='bbox 820 2121 1269 2200; x_wconf 62' lang='lat' dir='ltr'><strong>comprehendimuszlmst,</strong></span> 
     </span>
     <span class='ocr_line' id='line_1_19' title="bbox 170 2220 1268 2303; baseline 0 -18"><span class='ocrx_word' id='word_1_125' title='bbox 170 2238 212 2285; x_wconf 89' lang='lat' dir='ltr'><strong>au</strong></span> <span class='ocrx_word' id='word_1_126' title='bbox 230 2222 263 2283; x_wconf 91' lang='lat' dir='ltr'><strong>in</strong></span> <span class='ocrx_word' id='word_1_127' title='bbox 285 2221 482 2284; x_wconf 77' lang='lat' dir='ltr'><strong>collectione</strong></span> <span class='ocrx_word' id='word_1_128' title='bbox 504 2220 564 2282; x_wconf 90' lang='lat' dir='ltr'><strong>hac</strong></span> <span class='ocrx_word' id='word_1_129' title='bbox 585 2238 775 2302; x_wconf 89' lang='lat' dir='ltr'><strong>corporum,</strong></span> <span class='ocrx_word' id='word_1_130' title='bbox 793 2239 892 2303; x_wconf 86' lang='lat' dir='ltr'><strong>quam</strong></span> <span class='ocrx_word' id='word_1_131' title='bbox 919 2222 1081 2284; x_wconf 91' lang='lat' dir='ltr'><strong>mundum</strong></span> <span class='ocrx_word' id='word_1_132' title='bbox 1106 2221 1268 2296; x_wconf 85' lang='lat' dir='ltr'><strong>dicimus,</strong></span> 
     </span>
     <span class='ocr_line' id='line_1_20' title="bbox 171 2320 1025 2401; baseline 0.005 -19"><span class='ocrx_word' id='word_1_133' title='bbox 171 2321 282 2401; x_wconf 89' lang='lat' dir='ltr'><strong>aliqua</strong></span> <span class='ocrx_word' id='word_1_134' title='bbox 299 2322 340 2384; x_wconf 90' lang='lat' dir='ltr'><strong>sit</strong></span> <span class='ocrx_word' id='word_1_135' title='bbox 356 2320 466 2384; x_wconf 88' lang='lat' dir='ltr'><strong>unitas</strong></span> <span class='ocrx_word' id='word_1_136' title='bbox 483 2339 492 2384; x_wconf 73' lang='grc' dir='ltr'>ι</span> <span class='ocrx_word' id='word_1_137' title='bbox 508 2322 539 2385; x_wconf 73' lang='lat'><strong>2⁸</strong></span> <span class='ocrx_word' id='word_1_138' title='bbox 553 2339 594 2383; x_wconf 91' lang='lat' dir='ltr'><strong>au</strong></span> <span class='ocrx_word' id='word_1_139' title='bbox 603 2322 760 2398; x_wconf 76' lang='lat' dir='ltr'><strong>collectio</strong></span> <span class='ocrx_word' id='word_1_140' title='bbox 776 2321 845 2384; x_wconf 86' lang='lat' dir='ltr'><strong>haeo</strong></span> <span class='ocrx_word' id='word_1_141' title='bbox 859 2321 902 2383; x_wconf 91' lang='lat' dir='ltr'><strong>sit</strong></span> <span class='ocrx_word' id='word_1_142' title='bbox 917 2321 1025 2386; x_wconf 86' lang='lat' dir='ltr'><strong>unica.</strong></span> 
     </span>
    </p>

    <p class='ocr_par' dir='ltr' id='par_1_5' title="bbox 214 2419 1117 2503">
     <span class='ocr_line' id='line_1_21' title="bbox 214 2419 1117 2503; baseline 0.002 -21"><span class='ocrx_word' id='word_1_143' title='bbox 214 2419 394 2484; x_wconf 82' lang='lat' dir='ltr'><strong>Prorosuro</strong></span> <span class='ocrx_word' id='word_1_144' title='bbox 409 2420 433 2483; x_wconf 93' lang='lat' dir='ltr'><strong>l.</strong></span> <span class='ocrx_word' id='word_1_145' title='bbox 450 2419 517 2483; x_wconf 82' lang='lat' dir='ltr'><strong>Suo</strong></span> <span class='ocrx_word' id='word_1_146' title='bbox 529 2429 571 2483; x_wconf 84' lang='lat' dir='ltr'><strong>est</strong></span> <span class='ocrx_word' id='word_1_147' title='bbox 584 2421 713 2497; x_wconf 75' lang='lat' dir='ltr'><strong>mundo,</strong></span> <span class='ocrx_word' id='word_1_148' title='bbox 728 2440 821 2503; x_wconf 77' lang='lat' dir='ltr'><strong>eoque</strong></span> <span class='ocrx_word' id='word_1_149' title='bbox 834 2421 986 2483; x_wconf 81' lang='lat' dir='ltr'><strong>mirabilis</strong></span> <span class='ocrx_word' id='word_1_150' title='bbox 999 2421 1117 2484; x_wconf 77' lang='lat' dir='ltr'><strong>unitos.</strong></span> 
     </span>
    </p>

    <p class='ocr_par' dir='ltr' id='par_1_6' title="bbox 171 2517 1271 3075">
     <span class='ocr_line' id='line_1_22' title="bbox 214 2517 1271 2602; baseline 0.002 -21"><span class='ocrx_word' id='word_1_151' title='bbox 214 2517 287 2582; x_wconf 64' lang='lat' dir='ltr'><strong>ild.</strong></span> <span class='ocrx_word' id='word_1_152' title='bbox 314 2519 346 2580; x_wconf 89' lang='lat' dir='ltr'><strong>l⁰</strong></span> <span class='ocrx_word' id='word_1_153' title='bbox 360 2520 414 2582; x_wconf 83' lang='lat' dir='ltr'><strong>llst</strong></span> <span class='ocrx_word' id='word_1_154' title='bbox 439 2519 472 2580; x_wconf 92' lang='lat' dir='ltr'><strong>iu</strong></span> <span class='ocrx_word' id='word_1_155' title='bbox 500 2519 625 2582; x_wconf 89' lang='lat' dir='ltr'><strong>muodo</strong></span> <span class='ocrx_word' id='word_1_156' title='bbox 648 2521 755 2582; x_wconf 87' lang='lat' dir='ltr'><strong>unitas</strong></span> <span class='ocrx_word' id='word_1_157' title='bbox 776 2521 1015 2602; x_wconf 75' lang='lat' dir='ltr'><strong>apyreyotioois,</strong></span> <span class='ocrx_word' id='word_1_158' title='bbox 1032 2536 1069 2584; x_wconf 91' lang='lat' dir='ltr'><strong>ac</strong></span> <span class='ocrx_word' id='word_1_159' title='bbox 1083 2520 1271 2584; x_wconf 87' lang='lat' dir='ltr'><strong>materialis</strong></span> 
     </span>
     <span class='ocr_line' id='line_1_23' title="bbox 171 2616 1268 2681; baseline -0.002 0"><span class='ocrx_word' id='word_1_160' title='bbox 171 2617 428 2681; x_wconf 76' lang='lat' dir='ltr'><strong>continuationis.</strong></span> <span class='ocrx_word' id='word_1_161' title='bbox 445 2616 575 2681; x_wconf 85' lang='lat' dir='ltr'><strong>Etenim</strong></span> <span class='ocrx_word' id='word_1_162' title='bbox 595 2617 696 2680; x_wconf 74' lang='lat' dir='ltr'><strong>other</strong></span> <span class='ocrx_word' id='word_1_163' title='bbox 716 2617 953 2680; x_wconf 88' lang='lat' dir='ltr'><strong>subtilissimus</strong></span> <span class='ocrx_word' id='word_1_164' title='bbox 968 2618 1080 2680; x_wconf 90' lang='lat' dir='ltr'><strong>omnia</strong></span> <span class='ocrx_word' id='word_1_165' title='bbox 1095 2618 1268 2681; x_wconf 91' lang='lat' dir='ltr'><strong>mundana</strong></span> 
     </span>
     <span class='ocr_line' id='line_1_24' title="bbox 171 2715 1270 2796; baseline 0.001 -18"><span class='ocrx_word' id='word_1_166' title='bbox 171 2717 277 2795; x_wconf 88' lang='lat' dir='ltr'><strong>spatia</strong></span> <span class='ocrx_word' id='word_1_167' title='bbox 291 2715 419 2796; x_wconf 86' lang='lat' dir='ltr'><strong>replet:</strong></span> <span class='ocrx_word' id='word_1_168' title='bbox 439 2732 498 2795; x_wconf 91' lang='lat' dir='ltr'><strong>per</strong></span> <span class='ocrx_word' id='word_1_169' title='bbox 516 2716 602 2777; x_wconf 85' lang='lat' dir='ltr'><strong>bunc</strong></span> <span class='ocrx_word' id='word_1_170' title='bbox 618 2715 728 2777; x_wconf 90' lang='lat' dir='ltr'><strong>sidera</strong></span> <span class='ocrx_word' id='word_1_171' title='bbox 743 2716 841 2777; x_wconf 88' lang='lat' dir='ltr'><strong>etiam</strong></span> <span class='ocrx_word' id='word_1_172' title='bbox 857 2716 1077 2778; x_wconf 90' lang='lat' dir='ltr'><strong>remotissima</strong></span> <span class='ocrx_word' id='word_1_173' title='bbox 1088 2734 1162 2780; x_wconf 89' lang='lat' dir='ltr'><strong>oum</strong></span> <span class='ocrx_word' id='word_1_174' title='bbox 1176 2726 1270 2780; x_wconf 87' lang='lat' dir='ltr'><strong>terra</strong></span> 
     </span>
     <span class='ocr_line' id='line_1_25' title="bbox 172 2813 1271 2897; baseline 0.003 -20"><span class='ocrx_word' id='word_1_175' title='bbox 172 2814 430 2889; x_wconf 85' lang='lat' dir='ltr'><strong>communicant,</strong></span> <span class='ocrx_word' id='word_1_176' title='bbox 442 2831 479 2875; x_wconf 88' lang='lat' dir='ltr'><strong>ao</strong></span> <span class='ocrx_word' id='word_1_177' title='bbox 491 2831 568 2877; x_wconf 87' lang='lat' dir='ltr'><strong>suos</strong></span> <span class='ocrx_word' id='word_1_178' title='bbox 581 2814 689 2877; x_wconf 88' lang='lat' dir='ltr'><strong>radios</strong></span> <span class='ocrx_word' id='word_1_179' title='bbox 700 2813 741 2876; x_wconf 89' lang='lat' dir='ltr'><strong>ad</strong></span> <span class='ocrx_word' id='word_1_180' title='bbox 757 2831 817 2878; x_wconf 89' lang='lat' dir='ltr'><strong>uos</strong></span> <span class='ocrx_word' id='word_1_181' title='bbox 832 2832 936 2895; x_wconf 86' lang='lat' dir='ltr'><strong>usque</strong></span> <span class='ocrx_word' id='word_1_182' title='bbox 948 2815 1141 2893; x_wconf 87' lang='lat' dir='ltr'><strong>demittuut;</strong></span> <span class='ocrx_word' id='word_1_183' title='bbox 1156 2834 1271 2897; x_wconf 87' lang='lat' dir='ltr'><strong>eoque</strong></span> 
     </span>
     <span class='ocr_line' id='line_1_26' title="bbox 171 2912 1269 2996; baseline 0.002 -21"><span class='ocrx_word' id='word_1_184' title='bbox 171 2912 338 2975; x_wconf 86' lang='lat' dir='ltr'><strong>mediante</strong></span> <span class='ocrx_word' id='word_1_185' title='bbox 354 2929 469 2992; x_wconf 81' lang='lat' dir='ltr'><strong>magna</strong></span> <span class='ocrx_word' id='word_1_186' title='bbox 485 2913 689 2975; x_wconf 84' lang='lat' dir='ltr'><strong>attractionis</strong></span> <span class='ocrx_word' id='word_1_187' title='bbox 706 2914 757 2975; x_wconf 84' lang='lat' dir='ltr'><strong>lex</strong></span> <span class='ocrx_word' id='word_1_188' title='bbox 772 2914 860 2976; x_wconf 89' lang='lat' dir='ltr'><strong>varia</strong></span> <span class='ocrx_word' id='word_1_189' title='bbox 879 2912 965 2977; x_wconf 88' lang='lat' dir='ltr'><strong>iuter</strong></span> <span class='ocrx_word' id='word_1_190' title='bbox 979 2932 1014 2976; x_wconf 90' lang='lat' dir='ltr'><strong>se</strong></span> <span class='ocrx_word' id='word_1_191' title='bbox 1029 2932 1167 2996; x_wconf 88' lang='lat' dir='ltr'><strong>corpora</strong></span> <span class='ocrx_word' id='word_1_192' title='bbox 1181 2933 1269 2979; x_wconf 92' lang='lat' dir='ltr'><strong>con·</strong></span> 
     </span>
     <span class='ocr_line' id='line_1_27' title="bbox 172 3011 285 3075; baseline 0.009 -1"><span class='ocrx_word' id='word_1_193' title='bbox 172 3011 285 3075; x_wconf 86' lang='lat' dir='ltr'><strong>nectit.</strong></span> 
     </span>
    </p>

    <p class='ocr_par' dir='ltr' id='par_1_7' title="bbox 170 3097 1269 3290">
     <span class='ocr_line' id='line_1_28' title="bbox 213 3097 1269 3191; baseline 0.002 -17"><span class='ocrx_word' id='word_1_194' title='bbox 213 3113 247 3174; x_wconf 67' lang='lat'><strong>2⁰</strong></span> <span class='ocrx_word' id='word_1_195' title='bbox 267 3109 323 3172; x_wconf 85' lang='lat' dir='ltr'><strong>Est</strong></span> <span class='ocrx_word' id='word_1_196' title='bbox 339 3108 446 3173; x_wconf 86' lang='lat' dir='ltr'><strong>unitas</strong></span> <span class='ocrx_word' id='word_1_197' title='bbox 462 3097 563 3191; x_wconf 78' lang='lat' dir='ltr'><strong>topica</strong></span> <span class='ocrx_word' id='word_1_198' title='bbox 578 3110 821 3175; x_wconf 86' lang='lat' dir='ltr'><strong>similitudinis.</strong></span> <span class='ocrx_word' id='word_1_199' title='bbox 839 3110 955 3191; x_wconf 78' lang='lat' dir='ltr'><strong>Figura</strong></span> <span class='ocrx_word' id='word_1_200' title='bbox 972 3111 1060 3173; x_wconf 90' lang='lat' dir='ltr'><strong>euim</strong></span> <span class='ocrx_word' id='word_1_201' title='bbox 1078 3111 1269 3176; x_wconf 88' lang='lat' dir='ltr'><strong>mundano·</strong></span> 
     </span>
     <span class='ocr_line' id='line_1_29' title="bbox 170 3208 1269 3290; baseline 0.001 -19"><span class='ocrx_word' id='word_1_202' title='bbox 170 3225 245 3271; x_wconf 86' lang='lat' dir='ltr'><strong>rum</strong></span> <span class='ocrx_word' id='word_1_203' title='bbox 272 3224 448 3288; x_wconf 85' lang='lat' dir='ltr'><strong>corporum</strong></span> <span class='ocrx_word' id='word_1_204' title='bbox 475 3209 590 3271; x_wconf 90' lang='lat' dir='ltr'><strong>eadem</strong></span> <span class='ocrx_word' id='word_1_205' title='bbox 618 3219 678 3284; x_wconf 84' lang='lat' dir='ltr'><strong>est,</strong></span> <span class='ocrx_word' id='word_1_206' title='bbox 703 3208 821 3272; x_wconf 77' lang='lat' dir='ltr'><strong>eedem</strong></span> <span class='ocrx_word' id='word_1_207' title='bbox 848 3209 944 3285; x_wconf 88' lang='lat' dir='ltr'><strong>vires,</strong></span> <span class='ocrx_word' id='word_1_208' title='bbox 961 3209 1150 3290; x_wconf 84' lang='lat' dir='ltr'><strong>eaedemque</strong></span> <span class='ocrx_word' id='word_1_209' title='bbox 1177 3210 1269 3290; x_wconf 76' lang='lat' dir='ltr'><strong>leges</strong></span> 
     </span>
    </p>
   </div>
   <div class='ocr_carea' id='block_1_5' title="bbox 67 3306 1334 3388">
    <p class='ocr_par' dir='ltr' id='par_1_8' title="bbox 67 3306 1334 3388">
     <span class='ocr_line' id='line_1_30' title="bbox 67 3306 1334 3388; baseline 0.003 -17"><span class='ocrx_word' id='word_1_210' title='bbox 67 3315 104 3341; x_wconf 61' lang='lat'><em>²</em></span> <span class='ocrx_word' id='word_1_211' title='bbox 171 3307 323 3371; x_wconf 89' lang='lat' dir='ltr'><strong>omnium</strong></span> <span class='ocrx_word' id='word_1_212' title='bbox 338 3318 446 3369; x_wconf 87' lang='lat' dir='ltr'><strong>motus</strong></span> <span class='ocrx_word' id='word_1_213' title='bbox 460 3322 498 3367; x_wconf 87' lang='lat' dir='ltr'><strong>ae</strong></span> <span class='ocrx_word' id='word_1_214' title='bbox 513 3306 757 3368; x_wconf 86' lang='lat' dir='ltr'><strong>vicissitudines</strong></span> <span class='ocrx_word' id='word_1_215' title='bbox 772 3315 979 3388; x_wconf 88' lang='lat' dir='ltr'><strong>temperant:</strong></span> <span class='ocrx_word' id='word_1_216' title='bbox 998 3307 1168 3388; x_wconf 88' lang='lat' dir='ltr'><strong>multoque</strong></span> <span class='ocrx_word' id='word_1_217' title='bbox 1186 3307 1267 3388; x_wconf 90' lang='lat' dir='ltr'><strong>plu·</strong></span> <span class='ocrx_word' id='word_1_218' title='bbox 1328 3364 1334 3375; x_wconf 88' lang='lat'><strong><em>.</em></strong></span> 
     </span>
    </p>
   </div>
   <div class='ocr_carea' id='block_1_6' title="bbox 169 3402 1277 4083">
    <p class='ocr_par' dir='ltr' id='par_1_9' title="bbox 171 3402 1271 3667">
     <span class='ocr_line' id='line_1_31' title="bbox 172 3402 1271 3485; baseline 0 -19"><span class='ocrx_word' id='word_1_219' title='bbox 172 3423 224 3469; x_wconf 90' lang='lat' dir='ltr'><strong>res</strong></span> <span class='ocrx_word' id='word_1_220' title='bbox 240 3403 476 3466; x_wconf 88' lang='lat' dir='ltr'><strong>similitudines</strong></span> <span class='ocrx_word' id='word_1_221' title='bbox 494 3402 683 3482; x_wconf 86' lang='lat' dir='ltr'><strong>hujusmodi</strong></span> <span class='ocrx_word' id='word_1_222' title='bbox 703 3403 913 3485; x_wconf 87' lang='lat' dir='ltr'><strong>perspiceret,</strong></span> <span class='ocrx_word' id='word_1_223' title='bbox 931 3404 988 3484; x_wconf 87' lang='lat' dir='ltr'><strong>qui</strong></span> <span class='ocrx_word' id='word_1_224' title='bbox 1006 3413 1110 3467; x_wconf 91' lang='lat' dir='ltr'><strong>totum</strong></span> <span class='ocrx_word' id='word_1_225' title='bbox 1125 3404 1271 3468; x_wconf 89' lang='lat' dir='ltr'><strong>munda·</strong></span> 
     </span>
     <span class='ocr_line' id='line_1_32' title="bbox 171 3500 1270 3585; baseline 0 -17"><span class='ocrx_word' id='word_1_226' title='bbox 171 3521 250 3568; x_wconf 88' lang='lat' dir='ltr'><strong>num</strong></span> <span class='ocrx_word' id='word_1_227' title='bbox 268 3512 406 3584; x_wconf 90' lang='lat' dir='ltr'><strong>systema</strong></span> <span class='ocrx_word' id='word_1_228' title='bbox 419 3500 535 3563; x_wconf 92' lang='lat' dir='ltr'><strong>intime</strong></span> <span class='ocrx_word' id='word_1_229' title='bbox 550 3519 748 3581; x_wconf 76' lang='lat' dir='ltr'><strong>cognoscere</strong></span> <span class='ocrx_word' id='word_1_230' title='bbox 764 3510 890 3582; x_wconf 89' lang='lat' dir='ltr'><strong>posset;</strong></span> <span class='ocrx_word' id='word_1_231' title='bbox 906 3511 1022 3565; x_wconf 90' lang='lat' dir='ltr'><strong>natura</strong></span> <span class='ocrx_word' id='word_1_232' title='bbox 1034 3503 1123 3567; x_wconf 89' lang='lat' dir='ltr'><strong>euim</strong></span> <span class='ocrx_word' id='word_1_233' title='bbox 1139 3503 1270 3585; x_wconf 88' lang='lat' dir='ltr'><strong>ubique</strong></span> 
     </span>
     <span class='ocr_line' id='line_1_33' title="bbox 171 3602 1120 3667; baseline -0.005 0"><span class='ocrx_word' id='word_1_234' title='bbox 171 3602 237 3667; x_wconf 87' lang='lat' dir='ltr'><strong>sibi</strong></span> <span class='ocrx_word' id='word_1_235' title='bbox 254 3610 393 3666; x_wconf 89' lang='lat' dir='ltr'><strong>constat.</strong></span> <span class='ocrx_word' id='word_1_236' title='bbox 1117 3614 1120 3618; x_wconf 74' lang='grc'><strong>’</strong></span> 
     </span>
    </p>

    <p class='ocr_par' dir='ltr' id='par_1_10' title="bbox 169 3699 1277 4083">
     <span class='ocr_line' id='line_1_34' title="bbox 213 3699 1267 3782; baseline -0.003 -16"><span class='ocrx_word' id='word_1_237' title='bbox 213 3700 248 3765; x_wconf 73' lang='lat'><strong>3⁰</strong></span> <span class='ocrx_word' id='word_1_238' title='bbox 270 3702 325 3766; x_wconf 84' lang='lat' dir='ltr'><strong>Est</strong></span> <span class='ocrx_word' id='word_1_239' title='bbox 341 3700 449 3763; x_wconf 89' lang='lat' dir='ltr'><strong>unitas</strong></span> <span class='ocrx_word' id='word_1_240' title='bbox 464 3699 692 3781; x_wconf 79' lang='lat' dir='ltr'><strong>compositionis</strong></span> <span class='ocrx_word' id='word_1_241' title='bbox 714 3708 744 3762; x_wconf 92' lang='lat' dir='ltr'><strong>et</strong></span> <span class='ocrx_word' id='word_1_242' title='bbox 759 3699 888 3762; x_wconf 76' lang='lat' dir='ltr'><strong>ordinis.</strong></span> <span class='ocrx_word' id='word_1_243' title='bbox 906 3700 1018 3764; x_wconf 91' lang='lat' dir='ltr'><strong>Primo</strong></span> <span class='ocrx_word' id='word_1_244' title='bbox 1033 3699 1168 3781; x_wconf 90' lang='lat' dir='ltr'><strong>quidem</strong></span> <span class='ocrx_word' id='word_1_245' title='bbox 1184 3701 1267 3782; x_wconf 85' lang='lat' dir='ltr'><strong>quia</strong></span> 
     </span>
     <span class='ocr_line' id='line_1_35' title="bbox 171 3796 1267 3880; baseline -0.002 -16"><span class='ocrx_word' id='word_1_246' title='bbox 171 3799 285 3864; x_wconf 87' lang='lat' dir='ltr'><strong>omnia</strong></span> <span class='ocrx_word' id='word_1_247' title='bbox 300 3815 373 3880; x_wconf 81' lang='lat' dir='ltr'><strong>que</strong></span> <span class='ocrx_word' id='word_1_248' title='bbox 385 3799 419 3859; x_wconf 91' lang='lat' dir='ltr'><strong>iu</strong></span> <span class='ocrx_word' id='word_1_249' title='bbox 436 3798 562 3861; x_wconf 89' lang='lat' dir='ltr'><strong>mundo</strong></span> <span class='ocrx_word' id='word_1_250' title='bbox 574 3805 661 3872; x_wconf 89' lang='lat' dir='ltr'><strong>suut,</strong></span> <span class='ocrx_word' id='word_1_251' title='bbox 675 3796 716 3859; x_wconf 90' lang='lat' dir='ltr'><strong>ad</strong></span> <span class='ocrx_word' id='word_1_252' title='bbox 729 3798 832 3861; x_wconf 84' lang='lat' dir='ltr'><strong>[teum</strong></span> <span class='ocrx_word' id='word_1_253' title='bbox 843 3797 1039 3861; x_wconf 89' lang='lat' dir='ltr'><strong>ordinantur</strong></span> <span class='ocrx_word' id='word_1_254' title='bbox 1053 3805 1208 3880; x_wconf 85' lang='lat' dir='ltr'><strong>tauquam</strong></span> <span class='ocrx_word' id='word_1_255' title='bbox 1220 3798 1267 3862; x_wconf 88' lang='lat' dir='ltr'><strong>ad</strong></span> 
     </span>
     <span class='ocr_line' id='line_1_36' title="bbox 171 3896 1267 3979; baseline 0 -18"><span class='ocrx_word' id='word_1_256' title='bbox 171 3898 271 3961; x_wconf 91' lang='lat' dir='ltr'><strong>lluem</strong></span> <span class='ocrx_word' id='word_1_257' title='bbox 288 3897 442 3960; x_wconf 91' lang='lat' dir='ltr'><strong>ultimum</strong></span> <span class='ocrx_word' id='word_1_258' title='bbox 460 3912 467 3961; x_wconf 94' lang='lat'><strong>:</strong></span> <span class='ocrx_word' id='word_1_259' title='bbox 486 3915 559 3977; x_wconf 84' lang='lat' dir='ltr'><strong>quae</strong></span> <span class='ocrx_word' id='word_1_260' title='bbox 585 3896 693 3959; x_wconf 87' lang='lat' dir='ltr'><strong>unitas</strong></span> <span class='ocrx_word' id='word_1_261' title='bbox 717 3897 873 3977; x_wconf 84' lang='lat' dir='ltr'><strong>quamsit</strong></span> <span class='ocrx_word' id='word_1_262' title='bbox 889 3897 1031 3978; x_wconf 89' lang='lat' dir='ltr'><strong>perlecta</strong></span> <span class='ocrx_word' id='word_1_263' title='bbox 1046 3908 1144 3979; x_wconf 89' lang='lat' dir='ltr'><strong>atque</strong></span> <span class='ocrx_word' id='word_1_264' title='bbox 1158 3897 1267 3961; x_wconf 89' lang='lat' dir='ltr'><strong>admi·</strong></span> 
     </span>
     <span class='ocr_line' id='line_1_37' title="bbox 169 3994 1277 4083; baseline 0.001 -25"><span class='ocrx_word' id='word_1_265' title='bbox 169 3995 300 4058; x_wconf 84' lang='lat' dir='ltr'><strong>ratione</strong></span> <span class='ocrx_word' id='word_1_266' title='bbox 315 3994 424 4076; x_wconf 76' lang='lat' dir='ltr'><strong>digua,</strong></span> <span class='ocrx_word' id='word_1_267' title='bbox 440 4012 459 4056; x_wconf 87' lang='lat' dir='ltr'><strong>a</strong></span> <span class='ocrx_word' id='word_1_268' title='bbox 474 3994 578 4075; x_wconf 91' lang='lat' dir='ltr'><strong>priori</strong></span> <span class='ocrx_word' id='word_1_269' title='bbox 595 3994 729 4074; x_wconf 87' lang='lat' dir='ltr'><strong>quidem</strong></span> <span class='ocrx_word' id='word_1_270' title='bbox 753 3994 973 4075; x_wconf 76' lang='lat' dir='ltr'><strong>argumentari</strong></span> <span class='ocrx_word' id='word_1_271' title='bbox 997 4013 1187 4083; x_wconf 85' lang='lat' dir='ltr'><strong>possumus,</strong></span> <span class='ocrx_word' id='word_1_272' title='bbox 1203 3997 1277 4059; x_wconf 87' lang='lat' dir='ltr'><strong>sed·</strong></span> 
     </span>
    </p>
   </div>
   <div class='ocr_carea' id='block_1_7' title="bbox 0 0 1400 4600">
    <p class='ocr_par' dir='ltr' id='par_1_11' title="bbox 0 0 1400 4600">
     <span class='ocr_line' id='line_1_38' title="bbox 0 0 1400 4600; baseline 0 0"><span class='ocrx_word' id='word_1_273' title='bbox 0 0 1400 4600; x_wconf 95' lang='lat' dir='ltr'><strong> </strong></span> 
     </span>
    </p>
   </div>
  </div>
 </body>
</html>
