2792 4600
201 288 240 349 74
286 348 287 351 ,
647 304 825 352 onroneom.

199 417 259 481 dos
274 417 318 480 ita
326 417 477 481 nonnulli
487 400 702 499 explicarunt,
712 427 748 481 ut
760 417 994 481 difficillimum
1002 417 1140 482 iecerint
1151 437 1188 481 ac
1200 438 1286 501 pene
1376 398 1377 463 ῗ

199 514 405 597 impossibile
419 515 594 598 concipere
609 524 718 579 mente
733 516 813 598 quid
831 515 909 580 sint.
1376 520 1377 525 ’

634 681 798 728 tnrrcunns
820 683 854 728 ιι.

430 832 436 844 .
543 776 585 839 Dc
606 776 783 839 substantio
804 776 939 839 notione.

240 906 311 974 149.
335 908 512 975 Pnonorrrlo
528 909 568 975 ll.
592 908 985 990 Comparatioacioctitoto
998 907 1078 970 ictor
1090 906 1217 988 subjecti
1230 905 1284 987 of·
1376 904 1377 955 l

196 1005 338 1086 factiones
352 1009 511 1091 ipsamque
524 1004 700 1090 subjectum,
718 1009 896 1072 substantio
909 1008 994 1069 cotio
1006 1007 1177 1087 perficitor.

240 1105 413 1186 Colligitur
428 1126 466 1169 ex
482 1107 582 1170 modo
597 1106 695 1169 dictis
711 1123 771 1168 nos
795 1105 903 1185 primo
919 1121 1117 1182 cognoscere
1131 1102 1285 1166 substan-

198 1202 276 1265 tiam
293 1224 330 1266 ex
346 1205 583 1269 mutationibus
612 1215 685 1284 quae
709 1204 743 1265 in
772 1202 828 1265 illa
844 1203 938 1275 fiunt,
956 1220 1093 1283 eamque
1109 1202 1289 1283 concipere

198 1310 234 1363 ut
257 1302 420 1383 subjectum
435 1312 577 1366 coortam
592 1300 789 1382 affectionum
809 1301 1015 1365 motabilium.
1033 1301 1139 1381 Atque
1154 1320 1192 1364 ex
1220 1303 1286 1365 hoc

197 1399 513 1481 modocoucipiendi
530 1400 601 1481 ipsa
615 1398 1024 1464 suostanticdenomiuatio
1035 1408 1145 1462 ortum
1155 1399 1284 1464 habuit.

196 1496 383 1560 Substantia
398 1498 487 1562 enim
502 1518 541 1561 ex
555 1500 586 1560 vi
603 1497 748 1560 nominis
770 1505 818 1560 est
832 1499 912 1577 quod
924 1498 1042 1560 substat
1055 1498 1155 1562 citeri.
1176 1496 1286 1561 Nimi-

196 1613 271 1659 rum
286 1597 349 1659 tale
374 1615 495 1659 nomen
520 1597 710 1659 substantiae
725 1597 918 1677 impositum
934 1605 992 1670 est,
1013 1597 1091 1678 quia
1106 1614 1182 1661 cum
1197 1594 1287 1659 acci·

192 1693 308 1757 'dentia
333 1694 393 1757 sub
409 1711 523 1757 seusus
535 1694 664 1770 cadant,
682 1712 749 1757 non
764 1712 841 1757 vero
856 1693 1050 1772 substantia,
1070 1694 1154 1757 hanc
1169 1694 1284 1758 conci·

198 1790 307 1870 pimus
324 1792 417 1871 quasi
433 1791 632 1854 substratum
649 1790 815 1872 quoddam
831 1808 1038 1871 permaneus,
1056 1791 1286 1855 accidentibus

197 1887 391 1968 subjectum,
409 1890 532 1970 illaque
549 1889 788 1970 propemodum
805 1897 1000 1952 sustentans.

239 1985 309 2051 150.
326 1988 395 2050 lam
411 1988 438 2049 si
455 1988 573 2049 iterum
590 1987 799 2050 affectionum
814 1986 997 2066 subjectum
1013 2006 1088 2050 oum
1104 1987 1289 2054 affectioni·

195 2085 257 2148 hus
282 2104 518 2168 comparemus,
536 2087 822 2173 deprehendemus
838 2087 1025 2150 affectiones
1040 2106 1155 2152 omnes
1178 2089 1221 2152 ita
1247 2089 1284 2150 in

111 2243 114 2248 ,
150 2220 156 2237 1
195 2201 253 2245 sua
268 2184 437 2247 existentia
462 2170 857 2266 dependereasubjecto,
874 2192 911 2247 ut
925 2202 992 2248 non
1010 2188 1136 2267 possint
1150 2187 1191 2250 ab
1207 2187 1284 2268 ipso
1376 2224 1377 2261 ι

194 2282 289 2345 avelli
305 2289 337 2345 et
348 2283 485 2346 existere
504 2302 626 2365 perse,
640 2283 697 2347 sed
715 2282 749 2345 in
766 2283 824 2347 illo
840 2283 978 2347 existere
993 2284 1154 2363 debeaut;
1172 2284 1286 2367 subje-

194 2388 398 2445 ctumautem
410 2381 451 2444 ab
464 2380 531 2442 illis
543 2399 612 2443 esse
625 2381 852 2462 independens
864 2382 1081 2462 necindigere
1094 2384 1160 2445 illis
1175 2391 1212 2446 ut
1222 2385 1285 2462 sit;
1376 2447 1377 2454 ,

194 2477 255 2542 luit
276 2479 364 2541 enim
391 2477 462 2540 sine
484 2496 682 2559 unaquaque
713 2479 859 2556 illarum,
876 2488 908 2542 et
922 2499 993 2543 esse
1018 2490 1139 2561 perstat
1152 2482 1285 2546 etiamsi
1376 2459 1377 2488 ¹

194 2578 260 2639 illae
276 2587 412 2641 cessent.
425 2579 463 2642 V.
477 2595 526 2658 gr.
541 2596 613 2641 mea
629 2579 784 2659 cogitatio
800 2597 866 2642 non
882 2589 987 2659 potest
1002 2598 1073 2642 esse
1087 2581 1159 2643 sine
1171 2591 1284 2646 mente

192 2695 276 2751 mea,
294 2696 354 2740 nec
380 2678 519 2740 transire
533 2696 551 2740 a
567 2695 619 2740 me
644 2678 684 2740 ad
708 2679 868 2755 alterum;
886 2679 930 2740 ite
957 2678 1077 2741 chartae
1105 2678 1208 2760 ligura
1222 2687 1283 2743 aut

193 2776 308 2839 albedo
323 2777 394 2839 sine
409 2777 520 2839 charta
538 2786 570 2837 et
586 2785 675 2839 extra
688 2778 834 2839 chartam
850 2777 1000 2851 existere,
1018 2778 1134 2839 saltem
1149 2785 1284 2842 natura·
1376 2801 1377 2856 i

130 2886 134 2893 ·
191 2875 278 2951 liter,
296 2875 422 2954 nequit.
439 2873 502 2938 Sed
516 2891 608 2936 meus
621 2891 693 2936 mea
706 2883 811 2954 potest
826 2893 897 2936 esse
910 2875 983 2936 sine
998 2875 1056 2936 illa
1071 2877 1282 2955 cogitatione,

190 2981 222 3035 et
236 2974 348 3035 charta
363 2972 434 3033 sine
450 2971 506 3032 illa
522 2969 634 3051 ligura,
650 2980 822 3052 potestque
836 2989 929 3034 mens
944 2960 985 3033 ali
1002 2989 1067 3035 una
1081 2973 1286 3052 cogitatione
1376 3049 1377 3052 Ἴ

189 3069 229 3133 ad
246 3069 356 3143 aliam,
370 3077 401 3133 et
422 3069 535 3130 charta
546 3068 591 3152 ab
618 3085 683 3130 una
710 3068 813 3148 figura
828 3068 868 3129 ad
885 3069 983 3131 aliam
1006 3069 1159 3133 transire.
1174 3070 1283 3151 lgitur

189 3167 369 3230 substantia
381 3167 426 3229 ita
437 3166 641 3228 existentiam
658 3165 767 3239 habet,
787 3174 824 3228 ut
839 3183 898 3246 per
913 3184 948 3228 se
962 3166 1015 3241 sit,
1033 3184 1094 3229 nec
1108 3167 1174 3231 alio
1190 3168 1285 3234 indi·
1376 3179 1377 3238 J

104 3259 107 3266 ’
156 3314 170 3325 .,
189 3279 260 3347 geat
280 3274 317 3329 ut
337 3266 425 3328 sitin
442 3266 512 3328 illo.
529 3264 725 3328 Affectiones
740 3273 849 3328 autem
862 3265 907 3326 ita
921 3264 1125 3345 existentiam
1143 3267 1281 3343 habent,

189 3373 225 3427 ut
240 3360 380 3444 non'per
395 3381 429 3426 se
440 3363 517 3439 sint,
531 3362 588 3425 sed
605 3363 638 3425 in
651 3363 718 3426 alio
731 3373 766 3425 ut
779 3364 813 3423 in
826 3362 985 3442 subjecto,
1000 3381 1066 3443 quo
1083 3363 1232 3445 indigent
1242 3373 1284 3431 ut
1376 3395 1377 3424 3

188 3459 266 3524 sintss
1096 3466 1097 3472 ’

229 3558 301 3623 llll.
325 3558 371 3622 llx
395 3558 446 3619 his
461 3557 589 3620 eruitur
604 3556 707 3620 altera
729 3556 918 3620 substantiae
935 3557 1084 3620 definitio
1100 3575 1108 3622 ε
1124 3577 1175 3621 cns
1196 3561 1283 3640 quod
1376 3599 1377 3604 κ

183 3664 439 3740 permutatque
452 3656 566 3736 indiget
582 3656 645 3717 olio
661 3661 809 3737 tanquam
820 3655 950 3737 subjecto
964 3657 1015 3719 coi
1029 3656 1284 3731 cataractone

187 3754 336 3817 definitio
363 3771 401 3817 eo
417 3753 536 3816 melior
551 3762 599 3815 est
623 3753 731 3832 prima
747 3753 815 3830 illa,
828 3772 926 3834 quam
942 3753 1144 3835 experientia
1160 3754 1282 3818 imme·

187 3853 274 3916 diate
289 3852 476 3935 suppeditat
484 3853 579 3930 (149),
593 3852 682 3932 quod
698 3869 775 3914 cum
790 3852 894 3917 libera
909 3853 952 3915 sit
965 3871 983 3915 a
994 3862 1155 3933 conceptu
1171 3863 1282 3917 muta·

186 3952 304 4016 billum
326 3951 552 4027 affectionum,
585 3951 618 4012 id
643 3951 750 4015 solum
773 3953 1092 4034 complectiturque
1114 3951 1288 4033 perfectio·
