2792 4600
197 346 258 409 332
391 379 394 384 «
629 357 820 406 ccsncnccn.

194 485 278 541 taxat
298 486 427 558 tempus
449 494 468 538 a
489 475 587 540 nobis
609 475 809 558 concipitur.
836 474 921 557 Nego
940 486 1061 559 autern,
1079 478 1113 538 in
1129 495 1168 539 eo
1194 474 1290 557 quud
1385 513 1386 534 i

194 577 279 639 Deus
288 576 554 657 perboctempns
566 574 650 637 nibil
665 574 791 651 lecerit,
804 575 910 638 ullum
923 576 1157 638 inconveniens
1170 576 1289 639 inisse.

163 698 183 719 ν
235 674 283 736 Ad
310 684 540 755 argumentum
556 674 648 749 dicu,
676 677 779 741 Deum
802 692 864 737 nec
893 675 1038 755 potuisse
1061 692 1121 737 nec
1141 675 1292 739 voluisse

194 772 357 835 mundum
372 781 529 836 aeternnm
544 773 661 849 lacere,
679 773 769 853 quia,
785 781 819 836 ut
834 790 911 835 mcx
927 772 1124 847 videbimus,
1141 771 1292 835 mundus

194 878 336 933 aeternus
365 879 542 952 repugnat..
560 871 624 935 Sed
644 871 707 934 buc
728 870 862 946 omisso,
882 870 993 951 negari
1020 888 1153 951 quoque
1180 878 1293 950 petest

194 968 430 1032 conditionalis
448 970 566 1052 prima,
584 986 704 1050 nempe
721 986 729 1029 τ
746 969 773 1031 si
791 971 876 1032 Deus
894 968 999 1048 potnit
1014 969 1176 1031 mundum
1192 975 1292 1031 aeter·
1385 1029 1386 1032 ,

194 1085 274 1130 num
291 1068 409 1146 iacere,
426 1079 458 1131 at
473 1067 591 1142 noluit,
617 1086 682 1131 non
700 1066 761 1130 fuit
778 1084 906 1129 summe
924 1067 1043 1142 benus,
1065 1066 1122 1128 sed
1141 1064 1289 1129 invidus.

194 1167 281 1230 Deus
295 1168 384 1230 enim
401 1187 439 1231 ex
455 1167 601 1231 bonitate
623 1185 681 1229 sua
698 1166 790 1229 nulla
815 1165 1006 1229 necessitate
1034 1164 1226 1245 astringitur
1246 1163 1289 1226 ad

195 1265 271 1342 boc,
285 1272 322 1329 ut
333 1265 459 1347 aliquid
476 1275 614 1329 exarare
629 1265 745 1342 faciat3
762 1265 933 1345 multoque
948 1264 1058 1327 minus
1069 1273 1105 1326 ut
1119 1272 1189 1327 tcto
1204 1272 1291 1325 tem-

193 1380 276 1445 pore
297 1364 393 1428 iaciat
408 1383 475 1446 quc
491 1364 597 1428 lacere
619 1351 745 1446 petest}

236 1461 309 1529 280.
332 1464 380 1528 Ad
396 1465 436 1528 δῖ’
449 1463 533 1547 Nape
548 1465 651 1546 quaeri
676 1482 930 1546 semper-posse,
946 1482 1006 1527 cur
1021 1465 1107 1527 Deus
1124 1462 1289 1526 mundum

194 1571 270 1624 ante
284 1580 352 1627 non
381 1564 506 1628 lecerit.
523 1563 603 1626 Nam
619 1564 646 1626 si
665 1581 803 1645 quaeras,
826 1580 885 1626 cur
906 1563 963 1625 tali
989 1570 1137 1644 tempore
1159 1561 1289 1638 iecerit,

194 1671 313 1741 praesto
329 1663 391 1724 erit
403 1663 594 1745 responsi0;
608 1662 685 1744 qnia
697 1663 746 1726 sic
759 1661 888 1725 divinus
900 1661 1086 1724 intellectus
1098 1659 1288 1742 praefinivit,

194 1759 243 1822 sic
258 1759 377 1823 divinae
393 1761 692 1842 placuitvoluntati.
710 1760 815 1823 Stulte
830 1767 937 1823 autem
951 1777 1025 1840 ages
1041 1768 1071 1823 et
1085 1768 1288 1837 arroganter,

194 1857 222 1919 si
253 1877 379 1938 quaeras
405 1859 524 1935 adbuc,
548 1876 607 1921 cnr
637 1859 822 1922 intellectus
852 1858 982 1920 divinus
1005 1875 1071 1921 non
1094 1855 1291 1937 praefinierit

200 1957 360 2018 mundum
377 1957 582 2035 autemeam,
599 1964 728 2020 auteur
743 1957 806 2022 buc
824 1956 943 2019 divinae
959 1974 1026 2020 non
1048 1955 1207 2039 placuerit
1228 1971 1290 2019 vo·

198 2053 326 2117 luntati.
1082 2056 1086 2066 '

236 2150 309 2216 28l.
332 2151 391 2216 Ob.
408 2153 460 2217 lv,
481 2155 624 2234 Tempus
647 2163 695 2217 est
713 2153 963 2233 sempiternum.
984 2154 1046 2218 Sed
1066 2162 1194 2233 tempus
1210 2150 1290 2215 nul·
1385 2199 1386 2202 ,

196 2251 264 2315 lum
281 2260 328 2314 est
353 2253 426 2316 sine
442 2252 539 2336 rebus
556 2251 785 2316 mutabilibus.
809 2250 893 2335 Ergo
908 2269 960 2317 res
974 2251 1093 2333 aliquae
1109 2249 1291 2314 mutabiles

196 2349 237 2412 ab
249 2359 371 2414 aeterno
386 2351 489 2414 lucre.
1014 2396 1017 2400 a
1385 2400 1386 2425 ἶ

237 2449 336 2515 Prcb.
354 2450 469 2530 major.
486 2448 548 2525 Qui
561 2457 658 2530 negat
669 2457 799 2529 tempus
810 2449 1049 2530 sempiternum
1063 2466 1143 2524 esse,
1158 2447 1221 2510 boc
1233 2448 1291 2529 ip·
1385 2456 1386 2507 3

195 2566 267 2611 sum
281 2547 429 2611 affirmat.
443 2547 523 2610 Nam
536 2547 593 2629 qni
611 2547 674 2611 hcc
689 2557 795 2627 negat,
809 2548 946 2611 affirmat
962 2556 1090 2629 tempus
1104 2546 1291 2632 aliquando
1385 2582 1386 2585 π

196 2664 263 2711 nun
284 2646 395 2721 luisse,
418 2646 570 2709 videlicet
593 2646 685 2728 prius
708 2664 775 2710 non
793 2647 910 2721 luisse,
940 2655 1052 2727 postea
1079 2645 1192 2709 luisse.
1218 2644 1290 2707 Sed

199 2747 269 2808 baec
285 2762 292 2808 :
309 2745 490 2826 aliquando,
506 2745 604 2827 priua,
619 2754 725 2826 postca
750 2747 917 2826 quoddam
940 2753 1069 2827 tempus
1083 2743 1288 2825 significant.

195 2843 280 2924 Ergo
303 2855 371 2905 erat
386 2853 514 2925 tempus
530 2844 662 2925 quando
689 2855 818 2925 tempus
844 2861 911 2908 non
926 2853 1013 2922 erat3
1031 2843 1064 2905 id
1081 2842 1170 2924 quod
1187 2840 1290 2906 ahso-

198 2949 349 3005 numest.
1234 2964 1236 2967 v

238 3039 283 3104 lta
300 3039 503 3113 Aristoteles,
526 3057 564 3101 ac
590 3048 663 3120 post
684 3057 760 3102 eum
781 3038 928 3113 Procius,
950 3053 982 3102 et
1007 3048 1080 3122 post
1105 3049 1290 3119 utrumqne

194 3116 340 3201 llan'tius.

163 3229 174 3256 ’
237 3232 309 3298 282.
325 3235 422 3315 Resp.
440 3234 519 3297 nur.
536 3234 612 3315 maj.
626 3233 767 3314 Tempus
775 3234 863 3296 reale
873 3234 1110 3314 sempiternum
1127 3247 1186 3311 est,
1198 3249 1292 3316 ηομ.

196 3331 325 3414 tempus
341 3334 458 3409 ideale‚
484 3341 629 3395 transeut.
652 3332 838 3397 Contrudiet.
854 3335 932 3398 min.
948 3333 1089 3416 Tempus
1106 3336 1193 3398 reale
1209 3335 1289 3397 nul·

195 3433 263 3496 lum
277 3444 325 3494 est
335 3432 407 3495 sine
422 3431 520 3494 rebus
536 3431 762 3506 mutabilibus,
776 3450 881 3508 conc.,·
894 3442 1024 3515 tempus
1036 3433 1141 3497 ideale
1154 3436 1287 3501 nullum

194 3541 254 3607 est,
271 3531 419 3602 videlicet
440 3529 570 3610 concipi
592 3529 718 3608 nequit,
742 3530 769 3590 si
796 3530 903 3591 nullas
931 3548 983 3592 res
1012 3532 1188 3596 mutabiles
1209 3535 1287 3597 exi,

194 3637 280 3693 stere
296 3628 527 3709 intelligamus,
543 3646 631 3709 nege.
648 3627 775 3690 Sufficit
789 3628 877 3688 enirn
891 3627 929 3688 ad
944 3637 1072 3708 tempus
1086 3629 1191 3694 ideale
1206 3650 1287 3696 con·

195 3727 387 3808 cipiendum
403 3745 514 3789 rerum
530 3725 739 3787 mutabilium
756 3724 894 3803 cogitata
909 3725 1123 3805 possibilitas,
1148 3736 1184 3790 ut
1199 3730 1283 3792 alibi

196 3825 326 3888 dicetur

237 3925 311 3987 llaec
326 3923 439 3986 eadem
455 3922 622 3985 distinctio
638 3920 866 4003 argumentum
879 3920 1027 3985 additum
1040 3922 1154 3987 solvet.
1173 3924 1283 3996 Quum

196 4020 285 4083 enim
311 4020 478 4085 dicimus:
497 4031 624 4101 tempus
646 4018 825 4099 aliquando
841 4035 907 4081 non
923 4018 997 4095 luit,
1015 4020 1097 4082 illud
1112 4021 1285 4103 aliquunde
