2792 4600
190 361 232 426 10
659 382 830 430 ourouoert.

187 514 273 575 ratio
288 513 372 575 entis
388 530 424 577 ea
440 523 499 588 est,
517 533 590 597 qnae
606 515 715 596 primo
730 517 770 578 ab
784 516 951 579 intellectu
966 516 1000 578 iu
1017 517 1115 580 rebus
1131 480 1274 599 pereipi-

187 620 242 675 tut·
259 621 378 693 :atque
395 616 529 693 insuper
542 616 574 676 in
592 617 682 699 omni
696 626 855 696 conceptu
873 617 949 679 latet
963 627 1116 696 tanquam
1131 617 1275 697 primum

186 708 387 777 elementum
411 711 690 793 intelligibilitatis
707 712 760 790 (9),
778 714 954 797 omnisque
973 714 1180 795 cogitationis
1199 732 1276 778 oon·

186 806 271 872 ditio
287 809 362 887 (lli.

420 994 431 1008 .
537 970 554 1005 ο
585 990 589 997 ,
612 957 777 1004 antinoios
798 958 834 1003 n.

552 1072 562 1094 ’
583 1070 727 1133 lieentia
748 1072 909 1154 anabqta.

228 1203 279 1267 15.
303 1202 480 1267 Pnorosrrro
503 1206 527 1268 l.
553 1204 618 1267 Eur
638 1223 702 1266 noa
732 1213 773 1266 est
798 1205 964 1269 univocum
988 1223 1110 1280 nomen,
1126 1207 1177 1266 aed
1194 1224 1273 1268 anu·

161 1305 163 1308 ’
183 1303 289 1384 iopam
303 1305 450 1384 anuloqiu
464 1304 685 1368 attributionis.

226 1400 436 1480 Expedieuda
451 1413 499 1462 est
516 1404 578 1464 boe
592 1405 664 1464 iooo
676 1403 815 1482 quaestio
831 1403 887 1464 illa
906 1419 913 1466 :
942 1415 1053 1466 utrum
1073 1404 1136 1466 boo
1152 1422 1272 1467 nomen

182 1517 236 1559 ena
251 1498 428 1560 univocum
445 1499 499 1572 sit,
518 1517 557 1561 an
571 1518 665 1561 seeus
678 1498 724 1575 (L.
740 1500 791 1578 bd)
810 1515 817 1562 :
841 1518 913 1580 quae
933 1500 1067 1580 quidem
1084 1502 1222 1580 quaestio
1238 1504 1271 1565 in

185 1596 245 1658 bac
261 1595 395 1658 materia
414 1597 578 1679 praecipua
593 1609 651 1674 est,
666 1610 697 1659 et
714 1600 818 1662 multo
831 1600 965 1677 majoris
984 1600 1155 1673 momenti,
1173 1618 1272 1680 quam

183 1695 291 1776 prima
305 1694 412 1758 fronte
424 1697 528 1757 videri
545 1698 658 1776 possit.
675 1698 715 1763 Ut
729 1716 849 1759 nomen
862 1697 997 1778 aliquod
1010 1698 1187 1761 univocum
1199 1718 1273 1784 vere

182 1794 238 1869 sit,
255 1794 322 1857 duo
338 1796 566 1876 requiruntur,
583 1809 620 1860 ut
635 1817 673 1859 er
694 1797 792 1859 dietis
809 1797 841 1859 in
859 1796 963 1878 logica
980 1797 1172 1880 colligitur:
1192 1801 1223 1863 l⁰
1239 1808 1274 1862 ut

182 1891 391 1957 ideanomini
402 1896 596 1975 respondeat
610 1915 685 1967 una,
695 1905 727 1958 et
740 1915 812 1976 quae
827 1896 977 1974 pluribus
990 1898 1180 1971 conveniat;
1193 1898 1225 1960 2⁰
1239 1908 1272 1961 nt

122 2045 124 2049 ,
184 1991 262 2054 boio
275 1992 356 2055 ideae
367 2011 433 2055 non
444 1994 661 2074 respondeant
672 1995 705 2055 iu
718 1994 867 2072 pluribus
886 1993 953 2055 illis
966 1994 1109 2056 rationes
1122 1994 1269 2069 diversae,

180 2091 238 2154 sed
255 2109 321 2157 una
342 2093 437 2165 ratio,
455 2111 527 2173 quae
556 2092 770 2156 uniformiter
799 2092 840 2155 iis
856 2092 957 2155 insit.v
980 2092 1034 2156 Sic
1054 2112 1084 2155 v.
1103 2111 1133 2174 g.
1151 2112 1271 2157 nomeu

178 2190 301 2253 animal
312 2192 485 2253 univoonm
502 2202 561 2267 est,
576 2192 653 2272 quia
671 2192 749 2253 lruio
769 2192 839 2254 voci
865 2209 929 2254 nna
947 2191 1124 2271 respondet
1140 2193 1225 2269 idea,
1241 2203 1273 2256 et

181 2288 260 2352 lruio
276 2288 357 2352 ideae
373 2309 438 2353 una
459 2289 554 2364 ratio,
572 2308 643 2373 quaa
666 2290 700 2353 in
726 2291 861 2354 homine
876 2299 907 2352 et
924 2290 1021 2354 bruto
1039 2290 1156 2354 eodem
1172 2291 1271 2355 modo

145 2433 148 2434 ν
182 2389 361 2454 iuvenitur.

199 2503 201 2511 ·
224 2488 275 2556 ld.
293 2488 374 2561 lam,
388 2486 477 2567 qnod
491 2487 529 2548 ari
547 2488 689 2569 primum
706 2496 841 2566 spectat,
857 2496 944 2550 certe
957 2486 1036 2549 huie
1051 2487 1121 2549 vooi
1138 2504 1191 2549 ens
1206 2504 1270 2549 una

182 2586 359 2667 respondet
370 2585 452 2660 idea,
466 2604 539 2666 quae
551 2586 706 2665 exprimit
721 2585 846 2667 aliquid
861 2604 966 2648 unum
979 2596 1011 2647 et
1023 2586 1179 2649 omnibus
1192 2603 1271 2649 oon·

166 2687 327 2767 ueniens,
345 2683 412 2746 sive
426 2703 484 2747 ens
498 2684 678 2763 aooipiatur
694 2693 849 2765 tanquam
862 2684 1015 2790 orristengR
1032 2684 1100 2745 sive
1116 2695 1272 2766 tanquam

181 2802 234 2846 res
252 2800 259 2845 :
276 2793 308 2846 et
323 2784 387 2845 boo
411 2792 460 2845 est
474 2785 613 2845 omnino
630 2783 851 2845 manifestum.
869 2780 987 2846 Omnia
1003 2782 1093 2844 enim
1109 2801 1182 2862 quae
1207 2781 1273 2845 exi·

180 2891 283 2956 stunt,
307 2882 418 2944 omnia
434 2901 507 2963 quse
522 2883 666 2965 aliquam
690 2883 812 2944 babent
832 2881 1024 2953 realitatem‚
1043 2883 1076 2942 in
1104 2881 1167 2945 boe
1182 2882 1271 2962 quod
1293 2926 1297 2931 -

179 2982 337 3052 existunt.
352 2981 400 3046 vel
417 2980 560 3062 aliquam
580 2982 700 3044 habeut
716 2981 909 3054 realitatem‚
923 2981 1046 3043 similia
1062 2992 1149 3068 sunt,
1166 2991 1198 3044 et
1209 2981 1273 3045 boo

179 3080 267 3146 entis
283 3089 444 3159 oonoeptu
461 3080 685 3159 repraesentari
706 3089 853 3159 possunt.

222 3179 274 3243 tt.
298 3178 361 3244 Sed
376 3177 457 3242 iliud
474 3179 613 3241 alterum
630 3178 720 3258 quod
736 3178 775 3241 ad
795 3178 1061 3242 univocationem
1078 3178 1271 3260 requiritur,

183 3280 218 3344 in
230 3279 314 3344 entis
326 3289 485 3360 conceptu
499 3277 610 3340 deiioit
625 3294 632 3341 :
647 3277 725 3358 qnia
741 3277 818 3339 huie
829 3278 1003 3356 conceptui
1018 3296 1083 3340 nou
1098 3279 1275 3359 respondet

181 3396 221 3441 ex
234 3385 324 3457 parte
336 3394 445 3438 rerum
461 3394 525 3440 una
538 3376 720 3456 eademque
733 3374 829 3447 ratio,
842 3375 898 3440 sed
913 3376 1056 3439 rationes
1072 3377 1274 3457 respondent

181 3476 331 3540 diversae.
348 3473 535 3536 Substantia
554 3473 643 3534 enim
660 3482 691 3535 et
713 3472 877 3550 accidens,
894 3490 952 3538 ens
968 3472 1097 3536 linitum
1117 3484 1149 3536 et
1165 3474 1276 3538 inlini·

181 3586 253 3637 tum
276 3573 309 3633 in
334 3572 404 3649 ipsa
430 3575 514 3634 entis
537 3572 664 3635 ratione
687 3571 846 3652 objective
868 3570 1067 3653 discrepant.
1085 3573 1276 3650 Substantia

181 3673 272 3735 enim
289 3679 337 3732 est
353 3689 411 3732 ens
427 3688 485 3750 per
501 3690 546 3743 se,
563 3672 716 3733 accidens
732 3689 790 3732 ens
813 3671 845 3731 in
863 3671 929 3732 alio
944 3687 952 3731 ι
970 3689 1028 3732 ens
1044 3670 1210 3733 inlinitum
1226 3682 1275 3735 est

181 3789 201 3832 a
215 3788 263 3844 se,
277 3768 408 3831 linitum
420 3769 645 3847 dependenter
656 3770 697 3831 ab
710 3769 788 3832 alio.
803 3768 915 3848 Neque
927 3768 1029 3845 dieas,
1042 3769 1158 3832 modos
1175 3772 1275 3834 bosoe

181 3868 314 3930 essendi
338 3886 407 3930 esse
433 3868 634 3932 differentias
651 3868 809 3948 quasdam
827 3866 893 3928 enti
917 3868 1068 3947 adjectas,
1084 3869 1275 3949 eujusmodi

181 3976 233 4028 est
249 3964 407 4029 rationale
423 3978 454 4027 et
470 3966 659 4028 irrationale
675 3977 824 4046 respectu
838 3963 1002 4031 animalis.
1018 3966 1098 4029 Nam
1115 3965 1205 4028 modi
1223 3965 1275 4029 illi

183 4081 261 4127 oum
284 4064 350 4127 sint
378 4064 574 4143 malasiam
601 4075 678 4128 sunt
699 4064 799 4140 entia,
819 4064 968 4145 adeoque
991 4082 1055 4128 non
1085 4074 1161 4129 sunt
1185 4072 1277 4129 extra
