2792 4600
239 462 432 526 necessitate
447 472 582 525 naturae.
592 460 638 522 lta
650 478 681 523 v.
693 477 743 541 gr.
754 459 902 524 videmus
915 459 1000 522 viros
1015 462 1200 524 materiales
1216 463 1330 524 nulla-

1377 204 1378 247 t

1105 300 1108 306 ,
1154 286 1167 311 .
1214 317 1216 321 ,

241 332 281 394 et
707 344 880 395 ourotocll.

1377 526 1378 585 l

1377 588 1378 617 l

1377 628 1378 667 l

123 550 125 553 ¹
240 573 336 625 tenus
351 561 508 625 exercitio
519 559 646 640 perfici.

283 659 354 723 188.
371 659 511 740 colliges
526 677 565 721 ex
580 658 677 720 dictis
696 659 728 719 l⁰
743 657 1063 738 capaceslrahituum
1079 659 1199 731 esseju
1212 659 1333 741 primis
1377 670 1378 739 t

239 758 407 821 facultates
436 758 634 831 rationales;
653 758 702 817 lrae
728 756 817 818 euim
848 766 963 820 natura
985 775 1043 818 sua
1070 757 1334 820 indeterminatae
1377 760 1378 835 l

240 859 382 919 maxime
403 863 490 919 suut.
519 856 675 918 Voluntas
691 855 826 934 quidem
844 856 986 917 humana
1002 854 1254 919 indeterminata
1268 864 1332 930 est,
1377 842 1378 903 l

240 955 319 1035 quia
343 954 463 1034 gaudet
486 953 616 1015 arbitrii
647 951 811 1026 libertate,
842 952 991 1032 adeoque
1017 952 1210 1015 indifferens
1223 963 1276 1015 est
1291 953 1333 1017 ad

239 1054 444 1134 operandum
461 1053 509 1114 vel
536 1070 641 1114 secus.
660 1044 847 1139 lutellcctus
863 1069 1008 1130 quoque,
1027 1052 1104 1113 licet
1120 1051 1153 1113 iu
1169 1052 1264 1114 sesit·
1277 1069 1336 1132 po-
1377 1072 1378 1119 l

169 1194 176 1205 -.
239 1152 342 1214 tentia
354 1151 666 1225 necessaria‚tamen
677 1148 755 1230 quia
771 1167 839 1212 non
855 1151 956 1220 modo
968 1149 1009 1212 ab
1024 1148 1161 1229 objectis
1173 1151 1335 1214 adactum
1377 1122 1378 1193 d

161 1282 163 1285 ·
240 1251 422 1326 reducitur,
436 1250 492 1312 sed
509 1249 661 1312 etiamad
687 1250 929 1338 consideranda
945 1261 1015 1312 tum
1030 1248 1157 1329 objecta
1171 1259 1336 1329 cumpro·

240 1349 330 1429 prias
346 1351 435 1411 ideas
448 1348 669 1411 diversimode
681 1348 842 1429 applicari
860 1349 1025 1429 potest‚ad
1043 1350 1127 1410 hanc
1142 1348 1336 1412 considera·

240 1449 364 1511 tionem
373 1447 561 1509 facilitatem
574 1447 730 1528 acquirit,
739 1459 774 1510 ut
782 1449 984 1528 experientia
1000 1449 1201 1512 demonstrat
1213 1448 1249 1511 in
1262 1456 1334 1509 arte

238 1566 269 1610 v.
283 1565 333 1626 gr.
346 1556 402 1609 aut
415 1546 563 1610 scientia.

280 1644 420 1706 H⁰Vires
435 1645 604 1706 sensitivas
627 1661 685 1724 per
716 1663 750 1707 se
765 1662 832 1707 non
859 1664 929 1708 esse
958 1645 1089 1708 habitus
1115 1661 1267 1725 capaces;
1293 1662 1333 1707 ex

240 1743 399 1805 instinctu
415 1743 504 1806 enim
527 1754 707 1823 operantur
722 1754 865 1818 naturae;
892 1744 948 1807 scd
965 1754 1125 1824 quatenus
1142 1744 1175 1805 in
1193 1743 1333 1819 homine

240 1842 382 1922 imperio
398 1843 535 1904 rationis
550 1842 751 1918 subduntur,
765 1844 803 1904 ad
822 1844 952 1929 diversa
963 1844 1124 1918 ordinari,
1139 1828 1175 1906 ac
1189 1841 1333 1921 proinde

243 1940 375 2003 habitus
387 1941 554 2020 suscipere
570 1958 674 2020 posse,
691 1950 728 2003 ut
742 1950 828 2020 patet
841 1943 875 2003 in
891 1943 1068 2004 virtutibus
1080 1953 1111 2003 ct
1125 1943 1224 2005 vitiis.

281 2032 315 2101 5⁰
327 2038 363 2100 ln
380 2039 486 2101 brutis
497 2039 724 2103 animantibus
736 2040 869 2104 habitus
881 2059 948 2104 uon
966 2041 1086 2104 habere
1099 2040 1258 2114 locum,si
1274 2038 1334 2101 illa
1377 2068 1378 2085 ι

241 2136 306 2198 sibi
321 2137 570 2217 relinquantur;
587 2139 665 2219 quia
694 2148 801 2200 tamen
828 2137 925 2201 bruta
949 2139 1068 2202 rationi
1088 2139 1233 2201 hominis
1250 2137 1331 2199 sub·

240 2235 376 2309 duntur,
386 2235 529 2315 posseab
542 2237 615 2317 ipso
632 2237 768 2300 homine
784 2237 918 2317 disponi
931 2238 970 2299 ad
989 2237 1115 2319 aliquid
1128 2245 1215 2300 certo
1228 2235 1331 2298 modo

239 2336 443 2414 operandum
462 2354 520 2415 per
535 2336 711 2415 quamdam
727 2338 1014 2400 consuetudinem.
1024 2337 1204 2417 Dispositio
1219 2337 1331 2398 autem

241 2436 310 2496 haec
338 2443 370 2513 ct
395 2436 600 2498 consuetudo
617 2437 750 2516 proprie
780 2455 847 2500 non
865 2446 913 2500 est
929 2436 1061 2500 habitus
1080 2455 1141 2500 nec
1153 2434 1330 2498 inclinatio

241 2535 462 2612 potentiarum
482 2534 522 2595 ad
538 2544 659 2608 actum,
676 2536 733 2596 sed
750 2537 860 2616 potius
877 2537 910 2598 in
927 2555 965 2600 eo
978 2546 1043 2600 tota
1059 2536 1222 2600 contineri
1238 2534 1330 2595 vide·
1377 2557 1378 2618 t

231 2640 305 2704 stur,
321 2632 409 2711 quod
429 2632 620 2712 phantasma
645 2652 713 2714 quo
739 2636 884 2714 potentia
900 2634 940 2697 ad
953 2645 1060 2699 actum
1076 2633 1328 2707 determinatur,

241 2729 468 2809 imaginationi
485 2729 613 2792 firmius
625 2731 794 2794 inhaereat.
811 2731 875 2793 Sed
888 2731 928 2804 de
946 2733 997 2794 his
1012 2732 1167 2795 omnibus
1182 2747 1332 2795 commo·
1377 2731 1378 2816 l

231 2818 317 2890 >dius
329 2828 397 2889 suis
413 2827 507 2890 locis,
910 2893 913 2896 .
1183 2855 1185 2858 ·

198 2939 202 2947 '
283 2926 354 2992 189.
373 2927 477 2989 Pauca
492 2945 580 2990 nuuc
596 2928 636 3008 de
653 2927 825 2991 habituum
842 2947 950 2991 causa.
1377 2991 1378 3004 ,

282 3028 432 3091 asserito
449 3023 499 3088 lv.
517 3023 648 3087 Halitus
671 3026 730 3088 clii
750 3038 822 3089 suat
839 3027 952 3104 infusi,
984 3027 1042 3089 ulli
1063 3027 1234 3109 acquisiti;
1252 3035 1330 3090 sunt

154 3152 157 3156 ·
238 3125 337 3188 etiam
351 3122 482 3184 habitus
497 3124 552 3202 qui
570 3123 734 3185 naturales
748 3125 905 3187 dicuutur.
1377 3129 1378 3184 l

280 3220 416 3284 Habitus
432 3219 562 3282 infusus
575 3221 705 3296 illeest,
721 3223 777 3302 qui
793 3221 1032 3302 infloruipsius
1047 3224 1104 3286 Dei
1118 3217 1328 3313 producitur.

238 3318 463 3398 quiquidem,
482 3317 589 3399 quoad
620 3320 725 3399 ipsam
753 3338 833 3395 rem,
851 3323 1014 3383 contineri
1037 3330 1140 3401 potest
1157 3323 1243 3384 intra
1270 3340 1331 3383 na·
1377 3359 1378 3418 ἢ

239 3424 318 3477 turae
333 3415 465 3487 limites,
480 3425 516 3478 ut
540 3418 603 3477 fuit
617 3436 646 3479 v.
670 3436 720 3496 gr.
737 3417 861 3479 donum
879 3419 1068 3497 linguarum
1081 3421 1247 3500 Apostolis
1259 3419 1331 3483 ool·

239 3514 361 3589 latum;
376 3513 425 3575 vel
442 3531 574 3576 omnem
591 3525 715 3578 naturae
739 3516 921 3580 facultatem
934 3521 1101 3592 excedere,
1119 3530 1155 3581 ut
1169 3530 1217 3581 est
1232 3538 1262 3581 v.
1276 3537 1328 3599 gr.
1377 3503 1378 3546 ³

239 3610 371 3674 habitus
387 3611 463 3675 fidei
480 3612 528 3675 vcl
558 3613 727 3697 charitatis
743 3617 1013 3694 supernaturalis.
1031 3616 1094 3679 Sed
1111 3617 1151 3678 dc
1165 3618 1216 3679 his
1232 3619 1330 3680 tlreo·

237 3710 317 3789 logi.

274 3808 351 3874 490.
380 3810 517 3873 Habitus
546 3812 698 3891 acquisiti
729 3823 927 3893 generantur
942 3834 1000 3897 per
1023 3824 1125 3880 actus.
1138 3815 1331 3879 Notandum

236 3925 337 3988 porro
351 3908 483 3970 habitus
496 3908 560 3972 hoc
572 3914 824 3991 pactogenerari
836 3913 1046 3978 solummodo
1059 3915 1142 3978 iniis
1154 3914 1329 3996 potentiis,
1377 3927 1378 4006 p

149 4029 152 4035 ·
236 4005 332 4085 quaed
347 4006 387 4068 ad
404 4006 556 4087 proprios
565 4017 655 4073 actus
662 4007 842 4080 eliciendos
853 4012 968 4093 aliquo
980 4013 1080 4078 modo
1096 4020 1271 4077 moventur
1290 4031 1332 4077 ac
1377 4009 1378 4098 l
