2792 4600
159 289 225 356 >2132
617 306 788 352 ontotoun.

167 425 323 503 perfectio
341 423 479 486 inferior
498 423 625 485 effectui
642 421 894 484 communicata.
908 420 961 482 Sic
988 418 1074 481 Deus
1089 417 1251 482 rationem

167 522 313 583 hominis
330 522 555 600 precontinet.

208 621 240 682 5ο
261 617 447 694 Virtooliter,
462 637 564 699 quum
591 636 694 682 cause
716 617 862 680 activitas
890 616 963 678 talis
985 624 1044 690 est,
1062 624 1098 677 ut
1112 631 1171 694 per
1182 614 1251 693 ejus

165 718 360 779 exercitium
384 718 617 796 perfectionem
647 717 766 779 diversi
792 717 929 795 generis
948 713 1077 778 effectui
1102 711 1253 777 conferre
1301 780 1306 790 ,
1366 732 1367 739 “

168 816 283 895 possit.
301 815 355 878 Sic
370 815 485 876 artifex
501 817 661 876 machinae
691 813 925 894 perfectionem
941 812 1099 885 continet,
1116 829 1253 891 eamque

165 932 228 977 suo
244 916 341 978 modo
357 915 525 978 continent
541 914 637 975 etiam
651 915 878 976 instrumenta.

211 1015 412 1076 concinnem.
427 1015 459 1076 1⁰
483 1010 600 1074 Nullus
615 1012 747 1074 effeetus
769 1013 936 1091 adaequata
952 1029 1009 1073 sua
1024 1029 1121 1074 causa
1138 1019 1254 1091 potest

168 1129 241 1175 esse
258 1111 445 1191 perfectior.
463 1111 563 1173 Secns
578 1121 661 1174 esset
676 1112 710 1173 in
727 1109 841 1172 effectu
858 1111 985 1191 aliquid
1001 1110 1090 1190 qnod
1108 1110 1141 1171 in
1157 1126 1254 1172 causa
1302 1174 1313 1185 ,

170 1228 235 1273 non
252 1211 517 1305 praecuntinetnr.

212 1310 243 1370 2⁰
259 1310 348 1371 Patet
373 1309 489 1370 veritas
505 1308 611 1387 adagii
636 1309 749 1371 illius:
763 1328 850 1371 omne
870 1310 1044 1391 aqcnropt‘t
1069 1257 1251 1372 sfbtsirm‘fc.

170 1407 259 1469 Patet
272 1409 369 1467 etiam
385 1407 552 1487 quomodo
569 1411 631 1467 noc
642 1407 685 1467 sit
701 1406 964 1488 intelligendum.

183 1504 189 1517 ’
209 1509 242 1570 3⁰
254 1506 343 1568 inter
365 1524 495 1567 causam
520 1505 737 1585 principalem
754 1518 785 1567 et
812 1506 1095 1569 instrumentalem
1108 1504 1191 1583 (264,
1209 1508 1254 1583 5⁰)

171 1606 233 1668 lroc
247 1607 378 1667 interest
395 1604 611 1678 discriminis,
625 1607 713 1684 qnod
727 1623 822 1667 causa
834 1605 942 1667 solum
957 1602 1150 1685 principalis
1160 1622 1256 1668 suam

170 1708 205 1765 in
218 1705 366 1766 effectum
383 1703 635 1765 similitudinem
655 1704 794 1777 inducit,
812 1703 1071 1765 instrumentalis
1098 1721 1258 1766 veronen

168 1821 262 1865 snam
291 1803 543 1864 similitudinem
561 1803 701 1878 inducit,
715 1802 772 1863 sed
795 1802 922 1865 confert
946 1802 986 1862 ad
1001 1801 1260 1874 similitudinem

172 1901 366 1981 principalis
397 1902 628 1963 inducendam.
644 1900 749 1973 Quare
770 1903 803 1963 in
826 1901 1002 1981 principali
1018 1901 1126 1964 solum
1143 1915 1258 1983 agente

172 1999 345 2079 praeexistit
361 1999 597 2060 formalitervel
616 2000 799 2060 eminenter
812 1999 967 2078 perfectio
981 1999 1095 2081 quaein
1104 2000 1258 2065 effectum

170 2097 424 2172 transfunditur,
441 2114 508 2158 uon
525 2115 600 2159 vero
617 2097 651 2157 in
668 2098 900 2160 instrumento.

212 2193 285 2257 266.
317 2193 497 2259 Pnorosttto
518 2195 558 2257 ll.
586 2195 688 2258 Causa
717 2197 895 2271 necessaria,
908 2198 1019 2276 positis
1043 2199 1182 2263 omnibus
1209 2219 1260 2262 rc-

169 2294 304 2375 qut'st'tt's,
321 2302 443 2355 tontum
457 2313 570 2372 semper
584 2298 661 2375 opit,
678 2304 830 2374 quantum
841 2305 950 2375 potest.

187 2455 189 2461 A
214 2393 332 2455 Positis
348 2393 436 2454 euim
466 2394 622 2460 omnibus
646 2393 828 2474 requisitis,
846 2412 913 2457 non
939 2406 1044 2475 potest
1059 2415 1126 2462 non
1149 2416 1257 2479 agere.

173 2493 258 2570 Ergo
273 2492 337 2570 agit
356 2509 363 2554 :
383 2502 448 2553 tota
463 2502 551 2553 certe
578 2492 739 2554 activitate
761 2511 830 2565 sua,
848 2511 914 2556 non
945 2494 1052 2558 solum
1068 2499 1137 2575 ejns
1153 2508 1257 2578 parte,

171 2608 266 2651 sucus
277 2591 365 2652 enim
382 2592 454 2669 eius,
466 2590 609 2653 activitas
624 2610 662 2652 ex
679 2600 769 2669 parte
781 2592 964 2654 necessaria
979 2610 1045 2656 non
1058 2606 1151 2659 esset.

216 2687 300 2748 Hinc
313 2688 451 2750 1⁰Causa
466 2683 654 2752 necessaria*
662 2700 693 2749 et
709 2690 857 2769 proxime
869 2689 908 2775 ad
921 2693 1084 2769 agendum
1095 2694 1259 2773 expedita,

174 2803 306 2864 semper
318 2786 467 2849 eflectum
481 2787 564 2849 vires
580 2788 696 2849 activas
710 2789 934 2868 adaequantem
952 2791 1066 2853 exerit.

217 2886 250 2947 2⁰
265 2883 439 2963 Propterea
455 2902 493 2946 cx
509 2885 710 2965 perfectione
732 2886 865 2948 effectus
881 2903 1052 2975 causarum
1069 2890 1260 2970 hujusmodi

176 2985 411 3064 perfectionem
427 2984 586 3045 aestimare
603 2984 726 3047 licebit.

216 3083 250 3144 5⁰
265 3082 366 3142 Causa
382 3083 574 3156 necessaria,
585 3082 1081 3165 manenseadem,semperidem
1090 3087 1260 3168 agitent).

217 3185 249 3245 4ο
264 3182 346 3244 ilinc
361 3181 542 3260 aequalibus
561 3181 766 3261 temporibus
780 3183 921 3263 aequales
947 3185 1100 3264 producit
1115 3187 1262 3266 effectus,

178 3282 397 3361 inaequalibus
425 3281 614 3360 inaequales,
636 3281 752 3360 majori
776 3295 929 3362 ³tempore
955 3283 1106 3363 majores,
1137 3286 1261 3351 minori

178 3382 335 3441 minores·

220 3478 291 3541 not.
321 3479 499 3542 Paorosmo
516 3477 570 3540 ΙΙΙ.
588 3475 762 3558 Effectuum
786 3478 947 3541 diversitos
966 3498 1031 3542 noa
1050 3501 1164 3564 semper
1184 3504 1262 3549 cuu-

172 3597 279 3640 sarum
295 3575 549 3656 ocultipltcitotcm
564 3580 682 3656 otpolt.

217 3679 344 3741 Etenim
361 3695 423 3736 uua
439 3680 619 3754 eademque
642 3693 738 3737 causa
754 3676 903 3755 pluribus
930 3686 1036 3756 potest
1050 3677 1175 3742 viribus
1190 3685 1262 3761 pol·

175 3783 255 3853 lere,
272 3798 309 3840 ac
325 3777 466 3858 proinde
482 3777 628 3838 diversos
644 3778 776 3837 effectus
791 3777 952 3838 activitate
964 3795 1022 3839 sua
1038 3778 1197 3856 proferre.
1212 3780 1261 3845 lta

173 3895 282 3943 autem
295 3899 328 3941 se
344 3879 463 3939 haltere
476 3895 588 3940 causes
604 3878 781 3952 naturales,
798 3877 946 3994 exempla
959 3894 1041 3956 pene
1058 3877 1188 3941 infinita
1201 3882 1260 3943 de-

173 3988 369 4044 monstrant.
