2792 4600
188 327 252 391 370
637 341 828 388 cosnonoen.

180 461 345 524 'meitoaea
368 458 500 539 ejusdem
521 458 597 521 entia
610 458 771 520 emittentia
785 456 820 519 ira
841 442 981 537 pleribus
996 456 1069 517 loeis
1082 457 1248 538 Moeqaatt'a
1268 502 1280 531 ,
1388 459 1389 520 ἒ

106 587 109 591 ’
186 570 223 623 ιιι
238 560 264 621 si
282 558 356 640 quis
371 578 400 622 v.
418 575 465 638 gr.
483 576 517 619 se
530 565 721 637 praesentem
738 555 908 619 exhiberet
923 554 1040 618 eodem
1054 561 1202 635 tempore
1214 553 1284 618 no·
1388 607 1389 644 a

186 676 249 722 me
269 667 300 721 et
314 657 463 740 Neapoli.
487 655 612 721 Diaitur
640 674 740 737 porro
760 657 794 720 in
811 656 893 720 loeis
908 653 1087 737 adequatis,
1105 670 1223 734 nempe
1240 654 1282 716 in
1388 695 1389 704 η

182 756 346 839 ejusmodi
364 757 456 831 loeis,
473 773 614 838 quorum
631 755 772 838 quisque
788 753 830 818 sit
844 753 910 817 enti
925 752 1108 828 sufficions3
1121 769 1187 815 non
1199 766 1283 814 vero

185 857 221 919 in
237 856 390 938 pluribus
406 856 489 922 loeis
515 856 719 938 partialibus,
747 873 819 937 quae
842 870 942 917 unum
958 854 1069 916 locum
1085 851 1216 915 totalem
1232 858 1284 913 at·

183 975 248 1038 que
265 956 330 1019 enti
349 956 633 1038 proportionatum
646 954 745 1018 simul
758 952 969 1017 constituant.
981 949 1107 1032 Corpus
1123 948 1213 1013 enim
1229 966 1282 1010 se·
1388 951 1389 992 ἲ

181 1054 330 1119 nundum
347 1055 489 1117 diversas
504 1073 579 1119 suas
595 1062 702 1136 partes
715 1052 803 1116 estin
817 1050 956 1115 diversis
972 1050 1053 1114 loeis
1067 1048 1279 1131 partialibus.

181 1154 240 1216 sed
257 1171 323 1216 non
338 1152 462 1216 ideirco
486 1152 727 1215 multilooatum
753 1149 959 1213 existimatur
968 1172 980 1225 ,·
997 1147 1074 1230 quia
1091 1147 1203 1210 omnia
1219 1146 1283 1210 iiia
1388 1195 1389 1198 ,

182 1252 255 1315 loca
271 1251 420 1332 partialia
434 1252 546 1314 ionum
563 1250 626 1332 ipsi
644 1248 847 1312 continendo
863 1248 1020 1312 idoneum
1035 1246 1191 1309 efficiunt.
1208 1245 1281 1310 Nec

182 1347 335 1432 replicari
359 1348 481 1411 dieitur
502 1348 624 1426 anima,
642 1365 681 1412 eo
704 1347 794 1429 quod
807 1347 850 1409 sit
873 1354 940 1410 tota
955 1346 989 1408 in
1005 1346 1079 1408 loco
1093 1343 1221 1426 capitio,
1240 1362 1280 1407 aa
1388 1361 1389 1384 ¹

179 1455 247 1511 tota
263 1446 297 1509 in
322 1446 403 1509 locis
431 1446 579 1528 pedum;
603 1446 681 1528 quia
708 1447 779 1509 loca
806 1445 875 1508 haee
904 1444 1107 1526 singularum
1129 1443 1278 1524 partium
1388 1531 1389 1534 Ἴ

180 1562 285 1608 unum
304 1544 413 1607 locum
436 1545 570 1609 totalem
598 1546 698 1607 totius
721 1544 857 1606 humani
880 1541 1030 1623 eorporis
1055 1541 1276 1605 constituunt.

179 1647 220 1711 Et
236 1664 275 1708 ex
290 1645 442 1727 opposita
457 1646 585 1710 ratione
601 1646 687 1708 Deua
711 1662 780 1709 non
795 1644 986 1726 replicatur,
1003 1660 1042 1706 eo
1059 1642 1148 1723 quod
1164 1641 1278 1706 omni·
1388 1643 1389 1694 3

178 1743 243 1808 bus
256 1743 339 1808 loeis
354 1744 396 1806 sit
411 1762 566 1825 presens,
585 1745 648 1808 hoo
664 1744 738 1825 ipso
754 1743 845 1825 quod
858 1742 969 1806 nullus
983 1749 1032 1805 est
1045 1742 1136 1805 loeus
1149 1739 1275 1815 finitus,

178 1842 389 1925 quantamvis
408 1844 548 1924 amplus,
563 1842 629 1924 -qui
647 1843 689 1906 sit
706 1843 770 1925 ipsi
795 1841 1075 1924 proportionatae,
1098 1840 1278 1922 ipsumque
1388 1857 1389 1896 t

179 1941 358 2005 contineat.
1099 1981 1108 2001 ,
1198 1958 1205 1966 ·

221 2038 295 2104 562.
312 2038 376 2104 Pro
393 2037 579 2102 diversitate
595 2039 685 2102 modi
700 2056 766 2121 qno
782 2057 835 2102 res
846 2037 1087 2103 looilimitibus
1099 2037 1277 2101 eontinen·
1388 2095 1389 2118 3

179 2148 246 2213 tur,
264 2135 391 2198 diversa
407 2154 539 2218 quoque
563 2137 647 2200 ratio
662 2146 710 2201 est
733 2136 1016 2200 multilocationis.
1034 2135 1068 2198 Si
1084 2136 1184 2199 resin
1200 2136 1277 2217 piu-

178 2236 274 2301 ribus
286 2236 368 2300 locis
384 2235 665 2318 circumseriptive
680 2236 807 2315 existat,
832 2235 1050 2301 rnnltilooatio
1073 2235 1194 2300 dieitur
1213 2237 1279 2299 air·

178 2336 413 2418 aemaara'ptr'oa5
435 2336 462 2397 si
479 2345 606 2399 tantum
622 2336 802 2413 definitive,
818 2336 978 2418 definitiva
991 2360 1003 2413 ,·
1018 2335 1045 2399 ai
1063 2335 1097 2398 in
1112 2352 1180 2399 uno
1198 2335 1278 2399 loeo

178 2434 474 2516 circumscriptivo,
488 2435 631 2499 inaltero
644 2434 811 2498 definitive
823 2435 871 2498 vel
881 2435 972 2516 quasi
982 2434 1160 2510 definitivo,
1169 2433 1279 2500 mixto

165 2533 399 2596 ‘multiloaatio
419 2532 578 2613 appellari
594 2534 774 2597 consuevit.

222 2631 385 2706 Quaeritur
398 2629 464 2712 iam
481 2649 521 2694 an
539 2632 755 2696 multilooatio
770 2618 946 2711 eorporurn
967 2632 1009 2695 sit
1026 2631 1206 2713 possibilis.

221 2729 295 2795 565.
314 2718 490 2794 Pnoeosrrro
505 2730 558 2793 Vl.
579 2730 677 2793 Nullo
701 2732 901 2794 multiloaata'o
925 2739 968 2792 eet
994 2733 1116 2812 corpori
1140 2739 1278 2795 natura-

178 2831 249 2892 liter
261 2829 435 2910 paratoniu
450 2838 484 2892 at
499 2838 614 2892 eertum
628 2851 667 2893 aaa
681 2850 765 2911 aquo
785 2837 838 2904 est,
866 2829 1136 2893 multiloaota'onem
1164 2829 1278 2893 saltem

177 2929 371 3010 definitivam
399 2930 446 2991 oei
468 2930 613 3003 nietam,
637 2930 758 2994 nattam
782 2931 1021 3012 repnpnantiom
1043 2930 1196 2993 includere
1213 2946 1221 2994 :
1236 2931 1277 2992 id

177 3029 261 3108 qaod
283 3029 376 3088 etiam
404 3028 438 3090 de
464 3028 727 3109 airaemrora'pta'oa
754 3028 993 3091 multiloeata'one
1015 3028 1203 3109 probabilius
1223 3029 1277 3090 di·

177 3125 310 3186 oendam
324 3126 455 3188 ridetur.

222 3223 333 3287 Prima
349 3241 421 3303 pars
444 3224 556 3287 multis
572 3223 705 3305 probari
729 3242 795 3288 non
825 3224 961 3305 indiget.
990 3227 1035 3289 De
1055 3242 1167 3287 rerum
1182 3227 1274 3289 enim
1349 3275 1352 3279 >
1388 3272 1389 3299 2

179 3328 298 3384 natura
309 3322 458 3401 judicare
473 3322 630 3409 debemus
644 3322 737 3404 juxta
753 3323 786 3385 id
803 3322 892 3403 quod
908 3332 1095 3387 constanter
1110 3323 1180 3385 fleri
1195 3341 1274 3405 por·

176 3421 340 3502 spicimus
359 3421 404 3508 (L.
427 3419 512 3500 506).
537 3422 606 3485 Jarn
623 3440 792 3503 nunquam
824 3422 969 3503 proiecto
991 3422 1275 3502 deprehendimus
1388 3500 1389 3511 χ

178 3537 302 3600 eorpus
318 3519 352 3580 in
368 3517 493 3581 diisitis
518 3519 616 3582 simui
645 3519 726 3582 ineis
743 3520 980 3597 constitutum
997 3520 1065 3582 inro
1084 3529 1275 3583 constanter

179 3616 362 3693 cernimus,
380 3616 508 3679 nullum
528 3635 648 3699 corpus
671 3635 790 3682 novum
805 3619 869 3681 sibi
884 3619 1051 3682 vindicare
1066 3621 1187 3695 lorum,
1204 3621 1273 3682 nisi
1388 3630 1389 3679 3

160 3733 241 3799 ‘aper
256 3725 381 3778 motum
394 3733 403 3792 ;
415 3716 567 3780 videlieet
580 3718 726 3797 priorem
738 3717 847 3781 iocum
862 3717 1055 3783 deserendo.
1069 3719 1179 3801 itaque
1194 3736 1273 3782 oon·

177 3812 352 3876 cludamns
370 3831 501 3877 neeesse
517 3823 576 3891 est,
604 3824 728 3878 nature
750 3816 834 3878 hano
850 3816 954 3897 legem
970 3835 1052 3893 esso,
1069 3836 1106 3881 ao
1128 3817 1272 3880 naturali
1388 3814 1389 3889 i

176 3910 371 3975 necessitate
393 3910 464 3975 fiori
490 3920 527 3975 ut
555 3912 685 3975 nullum
707 3930 828 3995 corpus
844 3913 878 3975 in
895 3914 1046 3995 pluribus
1065 3915 1163 3978 sinrul
1186 3914 1272 3979 loeis
1388 3926 1389 3955 ³

92 4059 94 4061 .
175 4008 307 4072 existat.
