<?xml version="1.0" encoding="UTF-8"?>
<!DOCTYPE html PUBLIC "-//W3C//DTD XHTML 1.0 Transitional//EN"
    "http://www.w3.org/TR/xhtml1/DTD/xhtml1-transitional.dtd">
<html xmlns="http://www.w3.org/1999/xhtml" xml:lang="en" lang="en">
 <head>
  <title>
</title>
<meta http-equiv="Content-Type" content="text/html;charset=utf-8" />
  <meta name='ocr-system' content='tesseract 3.04.00' />
  <meta name='ocr-capabilities' content='ocr_page ocr_carea ocr_par ocr_line ocrx_word'/>
</head>
<body>
  <div class='ocr_page' id='page_1' title='image "./institutionesph01tonggoog_0204.png"; bbox 0 0 2792 4600; ppageno 0'>
   <div class='ocr_carea' id='block_1_1' title="bbox 161 292 787 392">
    <p class='ocr_par' dir='ltr' id='par_1_1' title="bbox 161 292 787 392">
     <span class='ocr_line' id='line_1_1' title="bbox 161 292 787 392; baseline -0.005 -33"><span class='ocrx_word' id='word_1_1' title='bbox 161 292 223 360; x_wconf 82' lang='lat' dir='ltr'><strong>teo</strong></span> <span class='ocrx_word' id='word_1_2' title='bbox 615 308 787 392; x_wconf 27' lang='lat' dir='ltr'><strong>onrotofcu.</strong></span> 
     </span>
    </p>
   </div>
   <div class='ocr_carea' id='block_1_2' title="bbox 157 425 1253 3076">
    <p class='ocr_par' dir='ltr' id='par_1_2' title="bbox 159 425 1250 606">
     <span class='ocr_line' id='line_1_2' title="bbox 159 425 1250 506; baseline 0.002 -17"><span class='ocrx_word' id='word_1_3' title='bbox 159 426 315 506; x_wconf 80' lang='lat' dir='ltr'><strong>autvulgi</strong></span> <span class='ocrx_word' id='word_1_4' title='bbox 342 426 417 499; x_wconf 85' lang='lat' dir='ltr'><strong>iras,</strong></span> <span class='ocrx_word' id='word_1_5' title='bbox 446 426 577 506; x_wconf 84' lang='lat' dir='ltr'><strong>probra,</strong></span> <span class='ocrx_word' id='word_1_6' title='bbox 595 442 757 487; x_wconf 79' lang='lat' dir='ltr'><strong>aerumnas</strong></span> <span class='ocrx_word' id='word_1_7' title='bbox 784 425 966 506; x_wconf 89' lang='lat' dir='ltr'><strong>perniciem</strong></span> <span class='ocrx_word' id='word_1_8' title='bbox 989 434 1167 490; x_wconf 82' lang='lat' dir='ltr'><strong>extremam</strong></span> <span class='ocrx_word' id='word_1_9' title='bbox 1197 426 1250 491; x_wconf 92' lang='lat' dir='ltr'><strong>illi</strong></span> 
     </span>
     <span class='ocr_line' id='line_1_3' title="bbox 159 515 1249 606; baseline 0.003 -18"><span class='ocrx_word' id='word_1_10' title='bbox 159 525 263 600; x_wconf 85' lang='lat' dir='ltr'><strong>affert,</strong></span> <span class='ocrx_word' id='word_1_11' title='bbox 281 526 344 587; x_wconf 91' lang='lat' dir='ltr'><strong>hoc</strong></span> <span class='ocrx_word' id='word_1_12' title='bbox 356 515 524 587; x_wconf 82' lang='lat' dir='ltr'><strong>enimvero</strong></span> <span class='ocrx_word' id='word_1_13' title='bbox 539 523 801 604; x_wconf 91' lang='lat' dir='ltr'><strong>pulcherrimum</strong></span> <span class='ocrx_word' id='word_1_14' title='bbox 817 533 876 601; x_wconf 86' lang='lat' dir='ltr'><strong>est,</strong></span> <span class='ocrx_word' id='word_1_15' title='bbox 890 534 988 606; x_wconf 88' lang='lat' dir='ltr'><strong>atque</strong></span> <span class='ocrx_word' id='word_1_16' title='bbox 1000 526 1082 589; x_wconf 86' lang='lat' dir='ltr'><strong>adeo</strong></span> <span class='ocrx_word' id='word_1_17' title='bbox 1094 526 1249 591; x_wconf 88' lang='lat' dir='ltr'><strong>sublime.</strong></span> 
     </span>
    </p>

    <p class='ocr_par' dir='ltr' id='par_1_3' title="bbox 161 621 1249 983">
     <span class='ocr_line' id='line_1_4' title="bbox 201 621 1249 704; baseline 0.001 -18"><span class='ocrx_word' id='word_1_18' title='bbox 201 623 274 687; x_wconf 70' lang='lat'><strong>402.</strong></span> <span class='ocrx_word' id='word_1_19' title='bbox 306 623 460 702; x_wconf 78' lang='lat' dir='ltr'><strong>Objicies,</strong></span> <span class='ocrx_word' id='word_1_20' title='bbox 479 622 627 703; x_wconf 85' lang='lat' dir='ltr'><strong>quaedam</strong></span> <span class='ocrx_word' id='word_1_21' title='bbox 655 621 720 684; x_wconf 91' lang='lat' dir='ltr'><strong>dici</strong></span> <span class='ocrx_word' id='word_1_22' title='bbox 738 624 888 703; x_wconf 89' lang='lat' dir='ltr'><strong>pulchra,</strong></span> <span class='ocrx_word' id='word_1_23' title='bbox 911 642 983 704; x_wconf 85' lang='lat' dir='ltr'><strong>quae</strong></span> <span class='ocrx_word' id='word_1_24' title='bbox 1012 624 1052 685; x_wconf 89' lang='lat' dir='ltr'><strong>ad</strong></span> <span class='ocrx_word' id='word_1_25' title='bbox 1070 624 1195 694; x_wconf 87' lang='lat' dir='ltr'><strong>nullam</strong></span> <span class='ocrx_word' id='word_1_26' title='bbox 1211 644 1249 687; x_wconf 81' lang='lat' dir='ltr'><strong>ex</strong></span> 
     </span>
     <span class='ocr_line' id='line_1_5' title="bbox 161 721 1248 804; baseline 0 -18"><span class='ocrx_word' id='word_1_27' title='bbox 161 724 336 802; x_wconf 79' lang='lat' dir='ltr'><strong>descriptis</strong></span> <span class='ocrx_word' id='word_1_28' title='bbox 350 722 480 801; x_wconf 75' lang='lat' dir='ltr'>pulchri</span> <span class='ocrx_word' id='word_1_29' title='bbox 490 721 664 799; x_wconf 86' lang='lat' dir='ltr'><strong>speciebus</strong></span> <span class='ocrx_word' id='word_1_30' title='bbox 677 722 820 783; x_wconf 84' lang='lat' dir='ltr'><strong>revocari</strong></span> <span class='ocrx_word' id='word_1_31' title='bbox 831 738 926 801; x_wconf 88' lang='lat' dir='ltr'><strong>posse</strong></span> <span class='ocrx_word' id='word_1_32' title='bbox 938 722 1101 798; x_wconf 89' lang='lat' dir='ltr'><strong>videntur,</strong></span> <span class='ocrx_word' id='word_1_33' title='bbox 1111 732 1184 786; x_wconf 90' lang='lat' dir='ltr'><strong>utv.</strong></span> <span class='ocrx_word' id='word_1_34' title='bbox 1199 742 1248 804; x_wconf 77' lang='lat' dir='ltr'><strong>gr.</strong></span> 
     </span>
     <span class='ocr_line' id='line_1_6' title="bbox 161 818 1249 910; baseline 0.001 -25"><span class='ocrx_word' id='word_1_35' title='bbox 161 823 295 910; x_wconf 79' lang='lat' dir='ltr'><strong>quidem</strong></span> <span class='ocrx_word' id='word_1_36' title='bbox 312 821 512 894; x_wconf 88' lang='lat' dir='ltr'><strong>colores,aut</strong></span> <span class='ocrx_word' id='word_1_37' title='bbox 532 818 637 880; x_wconf 86' lang='lat' dir='ltr'><strong>viride</strong></span> <span class='ocrx_word' id='word_1_38' title='bbox 659 827 803 899; x_wconf 88' lang='lat' dir='ltr'><strong>pratum,</strong></span> <span class='ocrx_word' id='word_1_39' title='bbox 834 827 889 881; x_wconf 89' lang='lat' dir='ltr'><strong>aut</strong></span> <span class='ocrx_word' id='word_1_40' title='bbox 909 819 1028 883; x_wconf 88' lang='lat' dir='ltr'><strong>coelum</strong></span> <span class='ocrx_word' id='word_1_41' title='bbox 1050 831 1249 885; x_wconf 88' lang='lat' dir='ltr'><strong>nocturnum</strong></span> 
     </span>
     <span class='ocr_line' id='line_1_7' title="bbox 162 919 480 983; baseline -0.006 0"><span class='ocrx_word' id='word_1_42' title='bbox 162 920 328 983; x_wconf 83' lang='lat' dir='ltr'><strong>sideribus</strong></span> <span class='ocrx_word' id='word_1_43' title='bbox 343 919 480 981; x_wconf 86' lang='lat' dir='ltr'><strong>micans.</strong></span> 
     </span>
    </p>

    <p class='ocr_par' dir='ltr' id='par_1_4' title="bbox 160 1016 1251 1990">
     <span class='ocr_line' id='line_1_8' title="bbox 203 1016 1249 1101; baseline -0.003 -16"><span class='ocrx_word' id='word_1_44' title='bbox 203 1020 396 1101; x_wconf 84' lang='lat' dir='ltr'><strong>Respondeo</strong></span> <span class='ocrx_word' id='word_1_45' title='bbox 413 1019 446 1079; x_wconf 90' lang='lat' dir='ltr'><strong>iu</strong></span> <span class='ocrx_word' id='word_1_46' title='bbox 464 1017 591 1098; x_wconf 88' lang='lat' dir='ltr'><strong>primis,</strong></span> <span class='ocrx_word' id='word_1_47' title='bbox 606 1016 755 1096; x_wconf 84' lang='lat' dir='ltr'><strong>quaedam</strong></span> <span class='ocrx_word' id='word_1_48' title='bbox 772 1016 911 1096; x_wconf 88' lang='lat' dir='ltr'><strong>pulchra</strong></span> <span class='ocrx_word' id='word_1_49' title='bbox 925 1017 1004 1092; x_wconf 93' lang='lat' dir='ltr'><strong>dici,</strong></span> <span class='ocrx_word' id='word_1_50' title='bbox 1021 1037 1093 1099; x_wconf 81' lang='lat' dir='ltr'><strong>quar</strong></span> <span class='ocrx_word' id='word_1_51' title='bbox 1113 1024 1249 1101; x_wconf 82' lang='lat' dir='ltr'><strong>proprie</strong></span> 
     </span>
     <span class='ocr_line' id='line_1_9' title="bbox 160 1115 1248 1197; baseline 0 -16"><span class='ocrx_word' id='word_1_52' title='bbox 160 1119 367 1183; x_wconf 79' lang='lat' dir='ltr'><strong>delectabilia</strong></span> <span class='ocrx_word' id='word_1_53' title='bbox 390 1126 420 1179; x_wconf 91' lang='lat' dir='ltr'><strong>et</strong></span> <span class='ocrx_word' id='word_1_54' title='bbox 447 1123 535 1197; x_wconf 78' lang='lat' dir='ltr'><strong>grata</strong></span> <span class='ocrx_word' id='word_1_55' title='bbox 563 1115 627 1176; x_wconf 90' lang='lat' dir='ltr'><strong>dici</strong></span> <span class='ocrx_word' id='word_1_56' title='bbox 659 1124 835 1195; x_wconf 79' lang='lat' dir='ltr'><strong>oporteret.</strong></span> <span class='ocrx_word' id='word_1_57' title='bbox 859 1116 1089 1180; x_wconf 83' lang='lat' dir='ltr'><strong>Animadverte</strong></span> <span class='ocrx_word' id='word_1_58' title='bbox 1115 1119 1248 1193; x_wconf 89' lang='lat' dir='ltr'><strong>deinde,</strong></span> 
     </span>
     <span class='ocr_line' id='line_1_10' title="bbox 162 1214 1248 1301; baseline -0.004 -19"><span class='ocrx_word' id='word_1_59' title='bbox 162 1218 311 1301; x_wconf 85' lang='lat' dir='ltr'><strong>quaedam</strong></span> <span class='ocrx_word' id='word_1_60' title='bbox 322 1217 387 1278; x_wconf 91' lang='lat' dir='ltr'><strong>dici</strong></span> <span class='ocrx_word' id='word_1_61' title='bbox 403 1216 552 1295; x_wconf 87' lang='lat' dir='ltr'><strong>pulchra,</strong></span> <span class='ocrx_word' id='word_1_62' title='bbox 563 1214 846 1294; x_wconf 88' lang='lat' dir='ltr'><strong>quiaelemeutum</strong></span> <span class='ocrx_word' id='word_1_63' title='bbox 856 1217 989 1297; x_wconf 89' lang='lat' dir='ltr'><strong>aliquod</strong></span> <span class='ocrx_word' id='word_1_64' title='bbox 1003 1217 1133 1299; x_wconf 90' lang='lat' dir='ltr'><strong>pulchri</strong></span> <span class='ocrx_word' id='word_1_65' title='bbox 1142 1218 1248 1280; x_wconf 89' lang='lat' dir='ltr'><strong>conti·</strong></span> 
     </span>
     <span class='ocr_line' id='line_1_11' title="bbox 161 1313 1251 1396; baseline -0.003 -17"><span class='ocrx_word' id='word_1_66' title='bbox 161 1327 251 1390; x_wconf 90' lang='lat' dir='ltr'><strong>nent,</strong></span> <span class='ocrx_word' id='word_1_67' title='bbox 266 1332 384 1394; x_wconf 86' lang='lat' dir='ltr'><strong>nempe</strong></span> <span class='ocrx_word' id='word_1_68' title='bbox 400 1321 455 1374; x_wconf 88' lang='lat' dir='ltr'><strong>aut</strong></span> <span class='ocrx_word' id='word_1_69' title='bbox 465 1313 653 1374; x_wconf 88' lang='lat' dir='ltr'><strong>varietatem</strong></span> <span class='ocrx_word' id='word_1_70' title='bbox 670 1329 743 1390; x_wconf 86' lang='lat' dir='ltr'><strong>quae</strong></span> <span class='ocrx_word' id='word_1_71' title='bbox 757 1314 891 1391; x_wconf 85' lang='lat' dir='ltr'><strong>placeat,</strong></span> <span class='ocrx_word' id='word_1_72' title='bbox 906 1323 961 1377; x_wconf 88' lang='lat' dir='ltr'><strong>aut</strong></span> <span class='ocrx_word' id='word_1_73' title='bbox 973 1315 1163 1395; x_wconf 74' lang='lat' dir='ltr'><strong>qualitatem</strong></span> <span class='ocrx_word' id='word_1_74' title='bbox 1176 1333 1251 1396; x_wconf 82' lang='lat' dir='ltr'><strong>quae</strong></span> 
     </span>
     <span class='ocr_line' id='line_1_12' title="bbox 161 1409 1246 1493; baseline -0.004 -15"><span class='ocrx_word' id='word_1_75' title='bbox 161 1412 355 1478; x_wconf 89' lang='lat' dir='ltr'><strong>resaliunde</strong></span> <span class='ocrx_word' id='word_1_76' title='bbox 369 1411 523 1491; x_wconf 90' lang='lat' dir='ltr'><strong>pulchras</strong></span> <span class='ocrx_word' id='word_1_77' title='bbox 533 1409 651 1471; x_wconf 89' lang='lat' dir='ltr'><strong>laceret</strong></span> <span class='ocrx_word' id='word_1_78' title='bbox 660 1411 881 1489; x_wconf 84' lang='lat' dir='ltr'><strong>pulchriores.</strong></span> <span class='ocrx_word' id='word_1_79' title='bbox 893 1412 1029 1474; x_wconf 82' lang='lat' dir='ltr'><strong>Densum</strong></span> <span class='ocrx_word' id='word_1_80' title='bbox 1040 1413 1115 1475; x_wconf 90' lang='lat' dir='ltr'><strong>addi</strong></span> <span class='ocrx_word' id='word_1_81' title='bbox 1131 1422 1246 1493; x_wconf 91' lang='lat' dir='ltr'><strong>potest,</strong></span> 
     </span>
     <span class='ocr_line' id='line_1_13' title="bbox 160 1501 1249 1593; baseline -0.006 -13"><span class='ocrx_word' id='word_1_82' title='bbox 160 1532 228 1580; x_wconf 87' lang='lat' dir='ltr'><strong>non</strong></span> <span class='ocrx_word' id='word_1_83' title='bbox 240 1521 304 1577; x_wconf 91' lang='lat' dir='ltr'><strong>tam</strong></span> <span class='ocrx_word' id='word_1_84' title='bbox 315 1511 527 1593; x_wconf 87' lang='lat' dir='ltr'><strong>resquasdam</strong></span> <span class='ocrx_word' id='word_1_85' title='bbox 542 1509 606 1570; x_wconf 87' lang='lat' dir='ltr'><strong>dici</strong></span> <span class='ocrx_word' id='word_1_86' title='bbox 622 1510 788 1590; x_wconf 88' lang='lat' dir='ltr'><strong>pulchras,</strong></span> <span class='ocrx_word' id='word_1_87' title='bbox 799 1501 1162 1591; x_wconf 79' lang='lat' dir='ltr'><strong>quam&#39;associationem</strong></span> <span class='ocrx_word' id='word_1_88' title='bbox 1177 1529 1249 1574; x_wconf 91' lang='lat' dir='ltr'><strong>sen·</strong></span> 
     </span>
     <span class='ocr_line' id='line_1_14' title="bbox 161 1609 1249 1692; baseline -0.006 -14"><span class='ocrx_word' id='word_1_89' title='bbox 161 1615 336 1685; x_wconf 90' lang='lat' dir='ltr'><strong>sationum,</strong></span> <span class='ocrx_word' id='word_1_90' title='bbox 362 1629 442 1692; x_wconf 89' lang='lat' dir='ltr'><strong>quas</strong></span> <span class='ocrx_word' id='word_1_91' title='bbox 470 1609 535 1671; x_wconf 74' lang='lat' dir='ltr'><strong>illae</strong></span> <span class='ocrx_word' id='word_1_92' title='bbox 550 1609 638 1669; x_wconf 88' lang='lat' dir='ltr'><strong>cient</strong></span> <span class='ocrx_word' id='word_1_93' title='bbox 652 1627 729 1671; x_wconf 91' lang='lat' dir='ltr'><strong>cum</strong></span> <span class='ocrx_word' id='word_1_94' title='bbox 755 1610 853 1672; x_wconf 89' lang='lat' dir='ltr'><strong>certis</strong></span> <span class='ocrx_word' id='word_1_95' title='bbox 874 1610 1072 1692; x_wconf 91' lang='lat' dir='ltr'><strong>quibusdam</strong></span> <span class='ocrx_word' id='word_1_96' title='bbox 1095 1612 1178 1674; x_wconf 90' lang='lat' dir='ltr'><strong>ideis</strong></span> <span class='ocrx_word' id='word_1_97' title='bbox 1193 1620 1249 1673; x_wconf 89' lang='lat' dir='ltr'><strong>aut</strong></span> 
     </span>
     <span class='ocr_line' id='line_1_15' title="bbox 160 1707 1247 1790; baseline -0.006 -12"><span class='ocrx_word' id='word_1_98' title='bbox 160 1732 236 1778; x_wconf 92' lang='lat' dir='ltr'><strong>cum</strong></span> <span class='ocrx_word' id='word_1_99' title='bbox 262 1709 399 1790; x_wconf 82' lang='lat' dir='ltr'><strong>subjecti</strong></span> <span class='ocrx_word' id='word_1_100' title='bbox 423 1707 710 1790; x_wconf 82' lang='lat' dir='ltr'><strong>dispositionibus,</strong></span> <span class='ocrx_word' id='word_1_101' title='bbox 739 1707 923 1778; x_wconf 89' lang='lat' dir='ltr'><strong>desideriis,</strong></span> <span class='ocrx_word' id='word_1_102' title='bbox 949 1710 1247 1773; x_wconf 89' lang='lat' dir='ltr'><strong>recordationibus.</strong></span> 
     </span>
     <span class='ocr_line' id='line_1_16' title="bbox 160 1807 1250 1894; baseline -0.004 -18"><span class='ocrx_word' id='word_1_103' title='bbox 160 1813 194 1876; x_wconf 88' lang='lat' dir='ltr'><strong>Si</strong></span> <span class='ocrx_word' id='word_1_104' title='bbox 222 1812 393 1894; x_wconf 89' lang='lat' dir='ltr'><strong>paululum</strong></span> <span class='ocrx_word' id='word_1_105' title='bbox 421 1807 620 1880; x_wconf 85' lang='lat' dir='ltr'><strong>consideres,</strong></span> <span class='ocrx_word' id='word_1_106' title='bbox 648 1825 684 1869; x_wconf 92' lang='lat' dir='ltr'><strong>ea</strong></span> <span class='ocrx_word' id='word_1_107' title='bbox 716 1826 789 1888; x_wconf 82' lang='lat' dir='ltr'><strong>quae</strong></span> <span class='ocrx_word' id='word_1_108' title='bbox 809 1807 936 1887; x_wconf 86' lang='lat' dir='ltr'><strong>objecta</strong></span> <span class='ocrx_word' id='word_1_109' title='bbox 966 1816 1043 1871; x_wconf 90' lang='lat' dir='ltr'><strong>suut</strong></span> <span class='ocrx_word' id='word_1_110' title='bbox 1065 1808 1128 1873; x_wconf 90' lang='lat' dir='ltr'><strong>hoc</strong></span> <span class='ocrx_word' id='word_1_111' title='bbox 1155 1819 1250 1890; x_wconf 89' lang='lat' dir='ltr'><strong>pacto</strong></span> 
     </span>
     <span class='ocr_line' id='line_1_17' title="bbox 162 1905 727 1990; baseline -0.012 -15"><span class='ocrx_word' id='word_1_112' title='bbox 162 1910 315 1975; x_wconf 74' lang='lat' dir='ltr'><strong>estimari</strong></span> <span class='ocrx_word' id='word_1_113' title='bbox 334 1907 471 1990; x_wconf 90' lang='lat' dir='ltr'><strong>pulchra</strong></span> <span class='ocrx_word' id='word_1_114' title='bbox 488 1905 727 1986; x_wconf 88' lang='lat' dir='ltr'><strong>deprehendes.</strong></span> 
     </span>
    </p>

    <p class='ocr_par' dir='ltr' id='par_1_5' title="bbox 201 2003 807 2086">
     <span class='ocr_line' id='line_1_18' title="bbox 201 2003 807 2086; baseline -0.013 -11"><span class='ocrx_word' id='word_1_115' title='bbox 201 2011 273 2075; x_wconf 70' lang='lat' dir='ltr'><strong>too.</strong></span> <span class='ocrx_word' id='word_1_116' title='bbox 289 2010 335 2073; x_wconf 79' lang='lat' dir='ltr'><strong>Ex</strong></span> <span class='ocrx_word' id='word_1_117' title='bbox 353 2009 521 2086; x_wconf 91' lang='lat' dir='ltr'><strong>hucusque</strong></span> <span class='ocrx_word' id='word_1_118' title='bbox 538 2005 635 2067; x_wconf 90' lang='lat' dir='ltr'><strong>dictis</strong></span> <span class='ocrx_word' id='word_1_119' title='bbox 651 2003 807 2083; x_wconf 77' lang='lat' dir='ltr'><strong>colliges:</strong></span> 
     </span>
    </p>

    <p class='ocr_par' dir='ltr' id='par_1_6' title="bbox 160 2101 1250 2485">
     <span class='ocr_line' id='line_1_19' title="bbox 203 2101 1247 2185; baseline -0.003 -15"><span class='ocrx_word' id='word_1_120' title='bbox 203 2109 234 2170; x_wconf 91' lang='lat' dir='ltr'><strong>l⁰</strong></span> <span class='ocrx_word' id='word_1_121' title='bbox 249 2105 315 2169; x_wconf 81' lang='lat' dir='ltr'><strong>Etsi</strong></span> <span class='ocrx_word' id='word_1_122' title='bbox 334 2124 384 2167; x_wconf 87' lang='lat' dir='ltr'><strong>res</strong></span> <span class='ocrx_word' id='word_1_123' title='bbox 397 2103 545 2185; x_wconf 84' lang='lat' dir='ltr'><strong>quaedam</strong></span> <span class='ocrx_word' id='word_1_124' title='bbox 564 2103 709 2181; x_wconf 82' lang='lat' dir='ltr'><strong>pulchrae</strong></span> <span class='ocrx_word' id='word_1_125' title='bbox 725 2101 876 2165; x_wconf 88' lang='lat' dir='ltr'><strong>sensibus</strong></span> <span class='ocrx_word' id='word_1_126' title='bbox 889 2101 1012 2183; x_wconf 85' lang='lat' dir='ltr'><strong>percipi</strong></span> <span class='ocrx_word' id='word_1_127' title='bbox 1031 2114 1162 2184; x_wconf 90' lang='lat' dir='ltr'><strong>queant,</strong></span> <span class='ocrx_word' id='word_1_128' title='bbox 1173 2106 1247 2185; x_wconf 91' lang='lat' dir='ltr'><strong>pul·</strong></span> 
     </span>
     <span class='ocr_line' id='line_1_20' title="bbox 160 2200 1250 2285; baseline -0.006 -14"><span class='ocrx_word' id='word_1_129' title='bbox 160 2205 384 2271; x_wconf 90' lang='lat' dir='ltr'><strong>cbritudinem</strong></span> <span class='ocrx_word' id='word_1_130' title='bbox 404 2215 512 2270; x_wconf 82' lang='lat' dir='ltr'><strong>tamen</strong></span> <span class='ocrx_word' id='word_1_131' title='bbox 529 2202 637 2263; x_wconf 89' lang='lat' dir='ltr'><strong>solum</strong></span> <span class='ocrx_word' id='word_1_132' title='bbox 658 2200 698 2263; x_wconf 93' lang='lat' dir='ltr'><strong>ab</strong></span> <span class='ocrx_word' id='word_1_133' title='bbox 716 2200 884 2263; x_wconf 89' lang='lat' dir='ltr'><strong>intellectu</strong></span> <span class='ocrx_word' id='word_1_134' title='bbox 905 2204 1082 2282; x_wconf 75' lang='lat' dir='ltr'><strong>cognosci:</strong></span> <span class='ocrx_word' id='word_1_135' title='bbox 1100 2203 1250 2285; x_wconf 87' lang='lat' dir='ltr'><strong>adeoque</strong></span> 
     </span>
     <span class='ocr_line' id='line_1_21' title="bbox 160 2301 1250 2387; baseline -0.004 -16"><span class='ocrx_word' id='word_1_136' title='bbox 160 2302 547 2387; x_wconf 89' lang='lat' dir='ltr'><strong>brutapulchritudinem</strong></span> <span class='ocrx_word' id='word_1_137' title='bbox 560 2319 621 2363; x_wconf 90' lang='lat' dir='ltr'><strong>nec</strong></span> <span class='ocrx_word' id='word_1_138' title='bbox 630 2301 799 2381; x_wconf 89' lang='lat' dir='ltr'><strong>percipere</strong></span> <span class='ocrx_word' id='word_1_139' title='bbox 811 2317 871 2363; x_wconf 90' lang='lat' dir='ltr'><strong>uec</strong></span> <span class='ocrx_word' id='word_1_140' title='bbox 882 2302 1022 2380; x_wconf 79' lang='lat' dir='ltr'><strong>gustare,</strong></span> <span class='ocrx_word' id='word_1_141' title='bbox 1034 2311 1069 2365; x_wconf 93' lang='lat' dir='ltr'><strong>ut</strong></span> <span class='ocrx_word' id='word_1_142' title='bbox 1081 2305 1250 2385; x_wconf 84' lang='lat' dir='ltr'><strong>experien-</strong></span> 
     </span>
     <span class='ocr_line' id='line_1_22' title="bbox 160 2400 568 2485; baseline -0.012 -17"><span class='ocrx_word' id='word_1_143' title='bbox 160 2406 205 2469; x_wconf 86' lang='lat' dir='ltr'><strong>tia</strong></span> <span class='ocrx_word' id='word_1_144' title='bbox 218 2421 350 2485; x_wconf 92' lang='lat' dir='ltr'><strong>quoque</strong></span> <span class='ocrx_word' id='word_1_145' title='bbox 365 2400 568 2481; x_wconf 88' lang='lat' dir='ltr'><strong>comprobat.</strong></span> 
     </span>
    </p>

    <p class='ocr_par' dir='ltr' id='par_1_7' title="bbox 159 2498 1249 2786">
     <span class='ocr_line' id='line_1_23' title="bbox 199 2498 1248 2582; baseline -0.002 -16"><span class='ocrx_word' id='word_1_146' title='bbox 199 2503 233 2567; x_wconf 72' lang='lat'><strong>2⁰</strong></span> <span class='ocrx_word' id='word_1_147' title='bbox 247 2503 324 2565; x_wconf 85' lang='lat' dir='ltr'><strong>Esse</strong></span> <span class='ocrx_word' id='word_1_148' title='bbox 340 2501 489 2582; x_wconf 83' lang='lat' dir='ltr'><strong>quaedam</strong></span> <span class='ocrx_word' id='word_1_149' title='bbox 507 2498 636 2580; x_wconf 87' lang='lat' dir='ltr'><strong>pulchri</strong></span> <span class='ocrx_word' id='word_1_150' title='bbox 653 2498 860 2561; x_wconf 86' lang='lat' dir='ltr'><strong>constitutiva</strong></span> <span class='ocrx_word' id='word_1_151' title='bbox 878 2499 1082 2577; x_wconf 86' lang='lat' dir='ltr'><strong>essentialia;</strong></span> <span class='ocrx_word' id='word_1_152' title='bbox 1098 2499 1248 2581; x_wconf 88' lang='lat' dir='ltr'><strong>adeoque</strong></span> 
     </span>
     <span class='ocr_line' id='line_1_24' title="bbox 160 2598 1249 2683; baseline -0.006 -16"><span class='ocrx_word' id='word_1_153' title='bbox 160 2623 219 2667; x_wconf 90' lang='lat' dir='ltr'><strong>nec</strong></span> <span class='ocrx_word' id='word_1_154' title='bbox 237 2600 492 2683; x_wconf 88' lang='lat' dir='ltr'><strong>pulchritudinis</strong></span> <span class='ocrx_word' id='word_1_155' title='bbox 506 2600 666 2662; x_wconf 90' lang='lat' dir='ltr'><strong>rationem</strong></span> <span class='ocrx_word' id='word_1_156' title='bbox 682 2617 721 2659; x_wconf 81' lang='lat' dir='ltr'><strong>ex</strong></span> <span class='ocrx_word' id='word_1_157' title='bbox 737 2599 826 2660; x_wconf 86' lang='lat' dir='ltr'><strong>varia</strong></span> <span class='ocrx_word' id='word_1_158' title='bbox 844 2598 1014 2672; x_wconf 87' lang='lat' dir='ltr'><strong>homiuum</strong></span> <span class='ocrx_word' id='word_1_159' title='bbox 1032 2599 1249 2663; x_wconf 87' lang='lat' dir='ltr'><strong>aestimatione</strong></span> 
     </span>
     <span class='ocr_line' id='line_1_25' title="bbox 159 2696 1246 2786; baseline -0.004 -22"><span class='ocrx_word' id='word_1_160' title='bbox 159 2702 314 2786; x_wconf 89' lang='lat' dir='ltr'><strong>pendere,</strong></span> <span class='ocrx_word' id='word_1_161' title='bbox 332 2718 392 2762; x_wconf 89' lang='lat' dir='ltr'><strong>nec</strong></span> <span class='ocrx_word' id='word_1_162' title='bbox 408 2699 536 2780; x_wconf 90' lang='lat' dir='ltr'><strong>pulchri</strong></span> <span class='ocrx_word' id='word_1_163' title='bbox 555 2715 687 2761; x_wconf 88' lang='lat' dir='ltr'><strong>normas</strong></span> <span class='ocrx_word' id='word_1_164' title='bbox 704 2715 774 2759; x_wconf 89' lang='lat' dir='ltr'><strong>esse</strong></span> <span class='ocrx_word' id='word_1_165' title='bbox 794 2696 934 2759; x_wconf 88' lang='lat' dir='ltr'><strong>arbitrio</strong></span> <span class='ocrx_word' id='word_1_166' title='bbox 950 2697 1087 2759; x_wconf 92' lang='lat' dir='ltr'><strong>omnino</strong></span> <span class='ocrx_word' id='word_1_167' title='bbox 1103 2697 1246 2760; x_wconf 88' lang='lat' dir='ltr'><strong>relictas.</strong></span> 
     </span>
    </p>

    <p class='ocr_par' dir='ltr' id='par_1_8' title="bbox 157 2796 1253 3076">
     <span class='ocr_line' id='line_1_26' title="bbox 199 2796 1247 2877; baseline -0.006 -14"><span class='ocrx_word' id='word_1_168' title='bbox 199 2801 232 2863; x_wconf 75' lang='lat'><strong>5⁰</strong></span> <span class='ocrx_word' id='word_1_169' title='bbox 253 2799 508 2870; x_wconf 77' lang='lat' dir='ltr'><strong>Deformitatem,</strong></span> <span class='ocrx_word' id='word_1_170' title='bbox 528 2815 601 2877; x_wconf 81' lang='lat' dir='ltr'><strong>quae</strong></span> <span class='ocrx_word' id='word_1_171' title='bbox 618 2796 877 2876; x_wconf 86' lang='lat' dir='ltr'><strong>pulchritudinis</strong></span> <span class='ocrx_word' id='word_1_172' title='bbox 891 2796 1054 2858; x_wconf 88' lang='lat' dir='ltr'><strong>contraria</strong></span> <span class='ocrx_word' id='word_1_173' title='bbox 1068 2803 1125 2870; x_wconf 90' lang='lat' dir='ltr'><strong>est,</strong></span> <span class='ocrx_word' id='word_1_174' title='bbox 1141 2799 1247 2859; x_wconf 89' lang='lat' dir='ltr'><strong>conti·</strong></span> 
     </span>
     <span class='ocr_line' id='line_1_27' title="bbox 157 2892 1253 2977; baseline -0.005 -16"><span class='ocrx_word' id='word_1_175' title='bbox 157 2899 229 2961; x_wconf 85' lang='lat' dir='ltr'><strong>neri</strong></span> <span class='ocrx_word' id='word_1_176' title='bbox 254 2896 472 2977; x_wconf 86' lang='lat' dir='ltr'><strong>dispositione</strong></span> <span class='ocrx_word' id='word_1_177' title='bbox 488 2896 667 2958; x_wconf 87' lang='lat' dir='ltr'><strong>multorom</strong></span> <span class='ocrx_word' id='word_1_178' title='bbox 687 2911 760 2973; x_wconf 81' lang='lat' dir='ltr'><strong>quae</strong></span> <span class='ocrx_word' id='word_1_179' title='bbox 778 2893 936 2955; x_wconf 88' lang='lat' dir='ltr'><strong>unitatem</strong></span> <span class='ocrx_word' id='word_1_180' title='bbox 950 2892 1095 2955; x_wconf 88' lang='lat' dir='ltr'><strong>destruat</strong></span> <span class='ocrx_word' id='word_1_181' title='bbox 1108 2894 1253 2974; x_wconf 83' lang='lat' dir='ltr'><strong>vetunt·</strong></span> 
     </span>
     <span class='ocr_line' id='line_1_28' title="bbox 158 2992 1107 3076; baseline -0.003 -16"><span class='ocrx_word' id='word_1_182' title='bbox 158 2996 214 3060; x_wconf 90' lang='lat' dir='ltr'><strong>tati</strong></span> <span class='ocrx_word' id='word_1_183' title='bbox 232 3003 401 3076; x_wconf 72' lang='lat' dir='ltr'><strong>repugnet.</strong></span> <span class='ocrx_word' id='word_1_184' title='bbox 421 2994 534 3058; x_wconf 90' lang='lat' dir='ltr'><strong>Unitas</strong></span> <span class='ocrx_word' id='word_1_185' title='bbox 550 2993 638 3055; x_wconf 91' lang='lat' dir='ltr'><strong>enim</strong></span> <span class='ocrx_word' id='word_1_186' title='bbox 652 2992 912 3073; x_wconf 87' lang='lat' dir='ltr'><strong>pulchritudinis</strong></span> <span class='ocrx_word' id='word_1_187' title='bbox 930 2992 1033 3055; x_wconf 89' lang='lat' dir='ltr'><strong>lorma</strong></span> <span class='ocrx_word' id='word_1_188' title='bbox 1049 3004 1107 3057; x_wconf 89' lang='lat' dir='ltr'><strong>est.</strong></span> 
     </span>
    </p>
   </div>
   <div class='ocr_carea' id='block_1_3' title="bbox 58 3090 1247 3174">
    <p class='ocr_par' dir='ltr' id='par_1_9' title="bbox 58 3090 1247 3174">
     <span class='ocr_line' id='line_1_29' title="bbox 58 3090 1247 3174; baseline 0.003 -22"><span class='ocrx_word' id='word_1_189' title='bbox 58 3097 66 3107; x_wconf 84' lang='grc'><em>“</em></span> <span class='ocrx_word' id='word_1_190' title='bbox 175 3096 233 3159; x_wconf 74' lang='lat'><strong>·4⁰</strong></span> <span class='ocrx_word' id='word_1_191' title='bbox 247 3093 292 3155; x_wconf 85' lang='lat' dir='ltr'><strong>Ea</strong></span> <span class='ocrx_word' id='word_1_192' title='bbox 314 3092 454 3174; x_wconf 89' lang='lat' dir='ltr'><strong>proinde</strong></span> <span class='ocrx_word' id='word_1_193' title='bbox 470 3092 504 3152; x_wconf 95' lang='lat' dir='ltr'><strong>in</strong></span> <span class='ocrx_word' id='word_1_194' title='bbox 523 3091 644 3171; x_wconf 90' lang='lat' dir='ltr'><strong>quibus</strong></span> <span class='ocrx_word' id='word_1_195' title='bbox 667 3090 894 3157; x_wconf 87' lang='lat' dir='ltr'><strong>convenientis</strong></span> <span class='ocrx_word' id='word_1_196' title='bbox 917 3092 1127 3157; x_wconf 92' lang='lat' dir='ltr'><strong>solummodo</strong></span> <span class='ocrx_word' id='word_1_197' title='bbox 1141 3094 1247 3155; x_wconf 91' lang='lat' dir='ltr'><strong>varie·</strong></span> 
     </span>
    </p>
   </div>
   <div class='ocr_carea' id='block_1_4' title="bbox 153 3186 1248 4071">
    <p class='ocr_par' dir='ltr' id='par_1_10' title="bbox 157 3186 1247 3472">
     <span class='ocr_line' id='line_1_30' title="bbox 157 3186 1245 3272; baseline -0.003 -15"><span class='ocrx_word' id='word_1_198' title='bbox 157 3196 231 3258; x_wconf 86' lang='lat' dir='ltr'><strong>tatis</strong></span> <span class='ocrx_word' id='word_1_199' title='bbox 247 3194 331 3256; x_wconf 89' lang='lat' dir='ltr'><strong>inest</strong></span> <span class='ocrx_word' id='word_1_200' title='bbox 349 3186 505 3266; x_wconf 83' lang='lat' dir='ltr'><strong>delectus,</strong></span> <span class='ocrx_word' id='word_1_201' title='bbox 523 3208 583 3253; x_wconf 89' lang='lat' dir='ltr'><strong>uec</strong></span> <span class='ocrx_word' id='word_1_202' title='bbox 605 3191 744 3272; x_wconf 90' lang='lat' dir='ltr'><strong>pulchra</strong></span> <span class='ocrx_word' id='word_1_203' title='bbox 767 3208 825 3271; x_wconf 90' lang='lat' dir='ltr'><strong>per</strong></span> <span class='ocrx_word' id='word_1_204' title='bbox 853 3208 887 3251; x_wconf 88' lang='lat' dir='ltr'><strong>se</strong></span> <span class='ocrx_word' id='word_1_205' title='bbox 905 3208 975 3253; x_wconf 91' lang='lat' dir='ltr'><strong>esse</strong></span> <span class='ocrx_word' id='word_1_206' title='bbox 1001 3209 1061 3254; x_wconf 89' lang='lat' dir='ltr'><strong>uec</strong></span> <span class='ocrx_word' id='word_1_207' title='bbox 1075 3191 1245 3267; x_wconf 81' lang='lat' dir='ltr'><strong>deformia,</strong></span> 
     </span>
     <span class='ocr_line' id='line_1_31' title="bbox 158 3287 1247 3371; baseline -0.004 -14"><span class='ocrx_word' id='word_1_208' title='bbox 158 3305 193 3358; x_wconf 89' lang='lat' dir='ltr'><strong>ut</strong></span> <span class='ocrx_word' id='word_1_209' title='bbox 213 3303 260 3356; x_wconf 89' lang='lat' dir='ltr'><strong>est</strong></span> <span class='ocrx_word' id='word_1_210' title='bbox 284 3310 312 3354; x_wconf 83' lang='lat' dir='ltr'><strong>v.</strong></span> <span class='ocrx_word' id='word_1_211' title='bbox 339 3308 387 3371; x_wconf 76' lang='lat' dir='ltr'><strong>gr.</strong></span> <span class='ocrx_word' id='word_1_212' title='bbox 409 3289 555 3369; x_wconf 91' lang='lat' dir='ltr'><strong>plurium</strong></span> <span class='ocrx_word' id='word_1_213' title='bbox 584 3287 762 3367; x_wconf 81' lang='lat' dir='ltr'><strong>aequalium</strong></span> <span class='ocrx_word' id='word_1_214' title='bbox 790 3304 828 3349; x_wconf 88' lang='lat' dir='ltr'><strong>ac</strong></span> <span class='ocrx_word' id='word_1_215' title='bbox 852 3287 1013 3351; x_wconf 91' lang='lat' dir='ltr'><strong>similium</strong></span> <span class='ocrx_word' id='word_1_216' title='bbox 1039 3291 1247 3370; x_wconf 81' lang='lat' dir='ltr'><strong>symmetrica</strong></span> 
     </span>
     <span class='ocr_line' id='line_1_32' title="bbox 157 3389 343 3472; baseline -0.011 -18"><span class='ocrx_word' id='word_1_217' title='bbox 157 3389 343 3472; x_wconf 88' lang='lat' dir='ltr'><strong>dispositio.</strong></span> 
     </span>
    </p>

    <p class='ocr_par' dir='ltr' id='par_1_11' title="bbox 157 3478 1247 3680">
     <span class='ocr_line' id='line_1_33' title="bbox 199 3478 1247 3569; baseline -0.006 -13"><span class='ocrx_word' id='word_1_218' title='bbox 199 3492 272 3557; x_wconf 77' lang='lat' dir='ltr'><strong>tot.</strong></span> <span class='ocrx_word' id='word_1_219' title='bbox 302 3485 436 3567; x_wconf 86' lang='lat' dir='ltr'><strong>Aliquid</strong></span> <span class='ocrx_word' id='word_1_220' title='bbox 454 3486 496 3548; x_wconf 93' lang='lat' dir='ltr'><strong>de</strong></span> <span class='ocrx_word' id='word_1_221' title='bbox 521 3486 626 3565; x_wconf 80' lang='lat' dir='ltr'><strong>pretio</strong></span> <span class='ocrx_word' id='word_1_222' title='bbox 640 3494 671 3547; x_wconf 90' lang='lat' dir='ltr'><strong>et</strong></span> <span class='ocrx_word' id='word_1_223' title='bbox 686 3484 727 3548; x_wconf 90' lang='lat' dir='ltr'><strong>de</strong></span> <span class='ocrx_word' id='word_1_224' title='bbox 741 3478 889 3560; x_wconf 78' lang='lat' dir='ltr'><strong>sublimi,-</strong></span> <span class='ocrx_word' id='word_1_225' title='bbox 913 3503 986 3566; x_wconf 79' lang='lat' dir='ltr'><strong>quae</strong></span> <span class='ocrx_word' id='word_1_226' title='bbox 1001 3505 1076 3549; x_wconf 92' lang='lat' dir='ltr'><strong>cum</strong></span> <span class='ocrx_word' id='word_1_227' title='bbox 1099 3488 1247 3569; x_wconf 89' lang='lat' dir='ltr'><strong>pulchri-</strong></span> 
     </span>
     <span class='ocr_line' id='line_1_34' title="bbox 157 3584 1140 3680; baseline -0.015 -24"><span class='ocrx_word' id='word_1_228' title='bbox 157 3592 272 3656; x_wconf 89' lang='lat' dir='ltr'><strong>tudine</strong></span> <span class='ocrx_word' id='word_1_229' title='bbox 287 3585 445 3651; x_wconf 88' lang='lat' dir='ltr'><strong>conlundi</strong></span> <span class='ocrx_word' id='word_1_230' title='bbox 463 3601 528 3649; x_wconf 91' lang='lat' dir='ltr'><strong>non</strong></span> <span class='ocrx_word' id='word_1_231' title='bbox 545 3584 678 3647; x_wconf 90' lang='lat' dir='ltr'><strong>debent.</strong></span> <span class='ocrx_word' id='word_1_232' title='bbox 1127 3652 1140 3680; x_wconf 41' lang='grc' dir='ltr'>ι</span> 
     </span>
    </p>

    <p class='ocr_par' dir='ltr' id='par_1_12' title="bbox 153 3684 1248 4071">
     <span class='ocr_line' id='line_1_35' title="bbox 197 3684 1246 3765; baseline -0.004 -11"><span class='ocrx_word' id='word_1_233' title='bbox 197 3688 306 3754; x_wconf 85' lang='lat' dir='ltr'><strong>Gratia</strong></span> <span class='ocrx_word' id='word_1_234' title='bbox 332 3687 366 3747; x_wconf 91' lang='lat' dir='ltr'><strong>in</strong></span> <span class='ocrx_word' id='word_1_235' title='bbox 383 3684 539 3759; x_wconf 87' lang='lat' dir='ltr'><strong>motibus,</strong></span> <span class='ocrx_word' id='word_1_236' title='bbox 566 3684 724 3762; x_wconf 73' lang='lat' dir='ltr'><strong>gestibus,</strong></span> <span class='ocrx_word' id='word_1_237' title='bbox 741 3684 868 3748; x_wconf 91' lang='lat' dir='ltr'><strong>actibus</strong></span> <span class='ocrx_word' id='word_1_238' title='bbox 891 3684 1161 3765; x_wconf 89' lang='lat' dir='ltr'><strong>deprehenditur,</strong></span> <span class='ocrx_word' id='word_1_239' title='bbox 1190 3699 1246 3750; x_wconf 87' lang='lat' dir='ltr'><strong>aut</strong></span> 
     </span>
     <span class='ocr_line' id='line_1_36' title="bbox 156 3771 1242 3867; baseline -0.005 -14"><span class='ocrx_word' id='word_1_240' title='bbox 156 3791 191 3853; x_wconf 90' lang='lat' dir='ltr'><strong>in</strong></span> <span class='ocrx_word' id='word_1_241' title='bbox 208 3790 249 3851; x_wconf 89' lang='lat' dir='ltr'><strong>iis</strong></span> <span class='ocrx_word' id='word_1_242' title='bbox 265 3803 337 3867; x_wconf 78' lang='lat' dir='ltr'><strong>quaa</strong></span> <span class='ocrx_word' id='word_1_243' title='bbox 352 3784 491 3865; x_wconf 77' lang='lat' dir='ltr'><strong>alicuius</strong></span> <span class='ocrx_word' id='word_1_244' title='bbox 508 3792 616 3846; x_wconf 91' lang='lat' dir='ltr'><strong>motus</strong></span> <span class='ocrx_word' id='word_1_245' title='bbox 631 3783 885 3863; x_wconf 82' lang='lat' dir='ltr'><strong>similitudinem</strong></span> <span class='ocrx_word' id='word_1_246' title='bbox 906 3771 1242 3866; x_wconf 39' lang='lat' dir='ltr'><strong>praelerresspidentur,</strong></span> 
     </span>
     <span class='ocr_line' id='line_1_37' title="bbox 156 3881 1243 3966; baseline -0.005 -12"><span class='ocrx_word' id='word_1_247' title='bbox 156 3899 192 3955; x_wconf 91' lang='lat' dir='ltr'><strong>ut</strong></span> <span class='ocrx_word' id='word_1_248' title='bbox 214 3887 249 3950; x_wconf 92' lang='lat' dir='ltr'><strong>iu</strong></span> <span class='ocrx_word' id='word_1_249' title='bbox 264 3885 371 3948; x_wconf 88' lang='lat' dir='ltr'><strong>curvis</strong></span> <span class='ocrx_word' id='word_1_250' title='bbox 387 3902 424 3946; x_wconf 87' lang='lat' dir='ltr'><strong>ac</strong></span> <span class='ocrx_word' id='word_1_251' title='bbox 441 3882 623 3946; x_wconf 76' lang='lat' dir='ltr'><strong>meandris.</strong></span> <span class='ocrx_word' id='word_1_252' title='bbox 641 3881 778 3945; x_wconf 89' lang='lat' dir='ltr'><strong>Videtur</strong></span> <span class='ocrx_word' id='word_1_253' title='bbox 793 3893 900 3945; x_wconf 89' lang='lat' dir='ltr'><strong>autem</strong></span> <span class='ocrx_word' id='word_1_254' title='bbox 917 3883 979 3945; x_wconf 91' lang='lat' dir='ltr'><strong>sita</strong></span> <span class='ocrx_word' id='word_1_255' title='bbox 1004 3887 1192 3966; x_wconf 64' lang='lat' dir='ltr'><strong>essequatia</strong></span> <span class='ocrx_word' id='word_1_256' title='bbox 1207 3889 1243 3951; x_wconf 80' lang='lat' dir='ltr'><strong>in</strong></span> 
     </span>
     <span class='ocr_line' id='line_1_38' title="bbox 153 3982 1248 4071; baseline -0.003 -19"><span class='ocrx_word' id='word_1_257' title='bbox 153 3991 289 4071; x_wconf 71' lang='lat' dir='ltr'><strong>inpenso</strong></span> <span class='ocrx_word' id='word_1_258' title='bbox 314 3984 446 4065; x_wconf 86' lang='lat' dir='ltr'><strong>quodam</strong></span> <span class='ocrx_word' id='word_1_259' title='bbox 466 4001 503 4045; x_wconf 85' lang='lat' dir='ltr'><strong>oc</strong></span> <span class='ocrx_word' id='word_1_260' title='bbox 525 3982 658 4063; x_wconf 81' lang='lat' dir='ltr'><strong>simplici</strong></span> <span class='ocrx_word' id='word_1_261' title='bbox 683 3982 792 4044; x_wconf 75' lang='lat' dir='ltr'><strong>labdo</strong></span> <span class='ocrx_word' id='word_1_262' title='bbox 818 3982 1047 4046; x_wconf 78' lang='lat' dir='ltr'><strong>obsecundandi</strong></span> <span class='ocrx_word' id='word_1_263' title='bbox 1060 3985 1094 4047; x_wconf 82' lang='lat' dir='ltr'><strong>iu</strong></span> <span class='ocrx_word' id='word_1_264' title='bbox 1113 3986 1248 4049; x_wconf 77' lang='lat' dir='ltr'><strong>motibus</strong></span> 
     </span>
    </p>
   </div>
   <div class='ocr_carea' id='block_1_5' title="bbox 0 0 1400 4600">
    <p class='ocr_par' dir='ltr' id='par_1_13' title="bbox 0 0 1400 4600">
     <span class='ocr_line' id='line_1_39' title="bbox 0 0 1400 4600; baseline 0 1"><span class='ocrx_word' id='word_1_265' title='bbox 0 0 1400 4600; x_wconf 95' lang='lat' dir='ltr'><strong> </strong></span> 
     </span>
    </p>
   </div>
  </div>
 </body>
</html>
