2792 4600
483 353 568 398 cinna
590 354 725 411 annuus,
748 354 839 400 curor
862 356 896 402 ιι.
1017 337 1019 344 ’
1170 341 1232 403 ’173

138 471 241 534 finitae
257 487 407 544 numero,
425 486 465 530 an
479 459 567 540 vero'
581 468 736 532 infinitae?
753 469 785 531 Si
804 470 915 543 finitas,
930 470 996 551 jam
1015 471 1111 551 ponis
1127 471 1232 534 linitis

138 563 390 650 acceptionibus
424 567 590 629 exhauriri
616 585 711 647 posse
734 569 912 633 inlinitum.
936 570 969 632 st
994 568 1140 643 infinitae,
1162 570 1231 649 jam

139 667 238 729 datur
269 666 445 746 multitudo
479 663 618 729 infinita.
652 666 714 730 Sed
739 679 915 747 utrumque
937 677 1107 748 repugnat.
1131 667 1229 747 Ergo.

138 765 459 829 Demonstrationem
483 765 618 827 alteram
641 764 794 827 desumes
809 785 847 826 ex
862 764 960 827 dictis
977 766 1011 826 in
1027 768 1232 845 praecedente

29 861 31 864 ’
139 865 281 927 articulo
315 864 399 942 (549,
435 867 533 943 Prop.
569 863 630 940 ΙΧ),
656 864 682 925 si
718 874 840 944 puncto
872 864 1059 943 cuicunque
1093 865 1232 927 infinitae

140 964 343 1027 extensionis
370 962 515 1042 applices
538 981 610 1042 quse
639 963 683 1023 ibi
708 962 793 1024 dicta
810 971 886 1024 sunt
901 963 941 1023 de
956 973 1078 1042 puncto
1093 962 1120 1023 X
1136 955 1233 1026 liuee

141 1062 253 1124 initio.

179 1160 221 1222 4¹⁰
244 1158 358 1223 Omnis
385 1158 530 1220 extensio
560 1158 696 1219 actualis
724 1157 860 1237 figurata
886 1168 955 1222 est:
975 1177 1050 1219 nam
1067 1157 1232 1220 limitibus

141 1257 669 1342 undequaque'circumscribatur
686 1276 816 1319 necesse
831 1269 890 1321 est.

184 1360 224 1422 5¹¹²
239 1361 310 1424 Non
328 1358 426 1421 modo
443 1352 606 1437 quantitas
624 1359 758 1437 proprie
779 1356 876 1432 dicta,
904 1356 971 1418 sive
998 1347 1136 1418 discreta
1163 1357 1232 1419 sive

140 1460 297 1523 continua
315 1460 399 1536 (548,
418 1460 472 1534 1⁰),
491 1455 619 1519 infinita
636 1476 706 1519 esse
729 1457 855 1537 nequit,
872 1457 928 1519 sed
946 1476 1052 1538 neque
1067 1460 1232 1538 quantitas
1293 1453 1297 1457 ⁴

142 1557 367 1638 perfectionis,
386 1555 553 1618 finitorum
570 1555 731 1635 graduum
748 1555 960 1616 multitudine
980 1570 1142 1617 constans.
1159 1558 1233 1621 Haec

143 1657 231 1718 enim
258 1655 414 1735 perfectio
437 1673 475 1716 ex
498 1653 652 1734 gradibus
677 1654 818 1730 infinita,
837 1654 947 1715 omnia
975 1655 1231 1718 continebitab·

143 1756 254 1829 surda,
269 1774 341 1836 quae
358 1757 392 1816 in
405 1754 594 1816 extensione
607 1753 736 1814 infinita
749 1767 779 1814 et
791 1753 1002 1828 multitudine
1015 1754 1143 1816 infinita
1156 1773 1233 1819 con·

145 1856 305 1917 tinentur.

137 1982 141 1989 ·
184 1952 224 2015 6¹¹
247 1953 350 2032 Igitur
364 1951 392 2012 si
409 1950 503 2012 datur
520 1949 697 2025 inlinitum,
728 1950 789 2011 hoc
805 1967 871 2012 non
887 1959 935 2012 est
959 1951 1145 2025 multitudo,
1163 1970 1232 2015 non

144 2062 190 2113 est
204 2052 363 2123 extensio,
379 2068 444 2111 non
462 2058 510 2111 est
524 2068 561 2110 ex
577 2049 734 2127 gradibus
751 2048 873 2111 linitis:
891 2057 938 2111 est
953 2067 1030 2128 ergo
1046 2050 1232 2114 necessario

144 2144 270 2231 aliquid
288 2149 465 2210 indivisum
481 2158 511 2210 et
528 2149 623 2228 plane
640 2148 860 2209 indivisibile:
871 2161 1041 2227 propterea
1058 2149 1091 2209 in
1108 2148 1248 2211 unitate

145 2249 353 2314 solummodo
368 2266 405 2310 ac
420 2247 560 2328 perfecta
577 2246 787 2327 simplicitate
804 2247 942 2328 reperiri
958 2256 1074 2327 potest.

183 2351 223 2412 7¹⁰
247 2348 283 2410 ln
312 2347 557 2427 simplicissima
575 2347 634 2408 hac
650 2347 772 2407 infiniti
791 2346 989 2426 perfectione
1016 2347 1231 2425 quantitatem

144 2449 252 2510 solum
269 2446 439 2509 virtualem
453 2446 667 2525 reperiemus,
678 2463 820 2533 eamque
833 2444 1037 2506 indefinitam
1053 2443 1134 2523 (548,
1152 2447 1207 2523 2⁰).
1224 2497 1235 2527 ι

497 2587 505 2605 Ι
585 2625 752 2671 acriculus
775 2626 803 2670 V.

537 2836 543 2843 ,
585 2775 793 2856 Difficultutes.

186 2931 259 2995 352.
284 2931 367 3010 Opp.
392 2928 416 2992 l.
441 2924 607 2989 Elementa
632 2924 774 2987 materiae
808 2935 883 2987 sunt
917 2943 1054 2988 numero
1088 2928 1229 2994 infinita.

149 3032 223 3093 Nam
240 3031 372 3091 materia
388 3038 436 3089 est
453 3029 485 3088 in
504 3026 668 3087 infinitum
685 3024 873 3086 divisibilis.

187 3132 285 3208 Resp.
308 3124 384 3209 Nep.
400 3139 466 3189 unt.
484 3136 515 3186 et
527 3125 614 3204 prob.
633 3123 762 3186 Etenim
790 3124 822 3183 in
848 3123 992 3185 materiae
1013 3123 1173 3189 divisione
1188 3130 1231 3191 ad

150 3229 261 3289 ultima
278 3228 438 3289 elementa
453 3223 583 3285 tandem
601 3222 836 3283 deveniendum
853 3230 901 3283 est
916 3222 998 3297 (tul,
1015 3222 1076 3298 5⁰);
1094 3243 1166 3304 quae
1182 3228 1230 3288 vel

151 3336 278 3388 extense
311 3327 377 3387 sint
410 3325 457 3386 vel
492 3324 670 3396 immensa,
695 3338 824 3399 semper
846 3330 953 3381 tamen
978 3321 1070 3383 linito
1094 3341 1234 3389 numero

152 3424 371 3487 continentur.
1249 3430 1252 3437 '

152 3515 153 3518 ’
191 3523 266 3584 lnst.
283 3521 404 3601 Saltem
417 3519 443 3579 si
458 3517 572 3595 ultima
585 3516 745 3578 elementa
760 3516 956 3595 geometrice
971 3515 1126 3580 continua
1142 3533 1233 3599 sunt,

154 3621 185 3681 in
201 3618 367 3681 infinitum
384 3617 482 3680 dividi
500 3625 649 3696 possunt.
667 3610 764 3694 Ergo.

191 3717 286 3797 Resp.
305 3713 398 3778 Coae.
415 3723 495 3787 unt,
513 3724 544 3775 et
557 3732 626 3793 aeq.
650 3731 734 3773 cous.
756 3713 930 3791 Nunquam
956 3712 1044 3774 enim
1070 3714 1234 3793 ejusmodi

154 3813 267 3876 divisio
290 3830 464 3875 numerum
488 3811 629 3892 partium
654 3810 820 3872 infinitum
842 3810 945 3872 dabit.
964 3812 1082 3873 Verum
1098 3815 1234 3893 quidem

156 3925 210 3988 est,
234 3913 430 3983 divisionem
458 3911 606 3974 continui
629 3907 758 3990 semper
782 3909 917 3971 ulterius
941 3910 1086 3989 protrahi
1111 3931 1234 3993 posse;

156 4012 208 4074 sed
233 4011 307 4075 ltinc
329 4008 442 4072 iulerri
465 4008 572 4071 solum
596 4019 713 4089 potest,
738 4007 772 4067 in
795 4007 953 4069 contiuuo
970 4016 1077 4086 partes
1091 4010 1236 4091 assigna·
