2792 4600
197 422 262 487 418
649 433 842 482 cosuonoors.

202 555 244 617 iis
266 557 343 636 quae
356 497 440 615 forte
457 551 498 612 ad
514 568 598 631 opus
619 548 771 610 adhibita
792 546 929 611 luerint.
950 546 985 611 Si
1009 546 1043 608 in
1062 544 1115 608 his
1136 544 1298 610 omnibus
1391 525 1392 604 ᾗ

202 653 343 733 reperiri
353 670 419 716 non
427 648 705 732 possitsuillciens
714 647 789 711 lacti
801 647 897 722 ratio,
908 653 1301 729 opusnaturaecorporeae

201 752 346 815 adscribi
362 769 429 815 non
446 750 580 831 poterit.

242 849 316 915 468.
334 849 402 913 Hoc
423 861 532 911 autem
551 846 756 928 quandoque
772 855 820 907 est
840 863 898 933 per
920 864 955 907 se
977 842 1298 923 manifestissimum,

198 960 240 1012 >ut
251 950 279 1011 si
296 969 325 1012 v.
340 966 389 1029 gr.
406 958 555 1028 tempore
570 945 747 1029 plenilunii
764 943 904 1025 eclypsis
918 943 1036 1017 solaris
1047 942 1184 1017 accidat,
1201 951 1259 1006 aut
1270 944 1299 1005 si
1391 955 1392 976 ¹

97 1113 99 1116 .
202 1047 273 1110 sola
288 1065 366 1110 voce
381 1046 519 1109 claudus
535 1053 689 1108 sanetur:
708 1060 793 1122 saepe
808 1051 916 1105 tamen
932 1041 1084 1122 peritiam
1100 1035 1245 1123 aliquam
1262 1043 1299 1103 in

199 1161 238 1210 rc
252 1144 387 1226 physica
400 1162 438 1208 ac
453 1144 580 1206 medica
596 1143 749 1223 postulat,
770 1158 831 1203 nec
852 1158 927 1205 raro
943 1141 1093 1221 peritiam
1116 1158 1294 1204 summam.

201 1243 376 1325 Nunquam
393 1253 500 1306 tamen
508 1242 702 1323 requiritur,
721 1250 755 1303 ut
767 1258 882 1303 omnes
894 1241 1032 1303 omnino
1045 1250 1298 1321 naturaecorpo·
1391 1263 1392 1278 2

202 1361 267 1406 reae
296 1344 392 1418 vires,
425 1360 604 1422 earumque
633 1343 667 1403 in
701 1339 800 1402 variis
827 1339 990 1420 adjunctis
1020 1339 1163 1403 efficacia
1201 1340 1299 1420 plene
1391 1379 1392 1408 i

203 1451 429 1524 cognoscatur,
447 1459 521 1523 quae
532 1440 669 1522 quidem
685 1440 831 1520 cognitio
850 1440 984 1508 humani
1001 1438 1187 1502 intellectus
1198 1456 1297 1520 capa-

203 1542 334 1604 citatem
349 1538 476 1602 excedit
493 1556 501 1617 ;
518 1537 574 1601 sed
593 1538 656 1601 hoc
672 1535 899 1600 tantummodo
917 1537 1121 1617 exploratum
1143 1536 1296 1618 sitopor·

1391 1657 1392 1706 l

203 1649 260 1715 tet,
276 1658 330 1702 eas
344 1655 469 1712 causas,-
486 1656 559 1718 quae
570 1636 699 1699 effectui
714 1635 945 1710 interfuerunt,
961 1637 991 1700 ci
1009 1635 1193 1716 praestando
1201 1653 1297 1715 pares

203 1755 274 1801 non
286 1755 368 1801 esse.

243 1836 316 1900 469.
334 1836 481 1917 Denique
497 1836 561 1898 hoe
576 1843 701 1897 certum
717 1833 873 1895 omnibus
888 1850 959 1896 esse
975 1831 1084 1909 debet,
1101 1833 1296 1915 quicunque
1328 1834 1334 1843 '

112 1967 117 1972 ·
203 1935 349 1998 divinam
363 1934 601 2015 providentiam
614 1940 814 2015 agnoscunt:
832 1950 897 1995 non
911 1950 1006 2013 posse
1021 1934 1117 1997 allen
1134 1932 1295 2012 permitti,
1391 1927 1392 1996 l

203 2033 327 2097 mirum
339 2051 379 2095 ex
392 2032 531 2096 occultis
544 2039 669 2094 naturae
691 2031 820 2094 viribus
845 2031 880 2093 in
899 2031 1020 2094 talibus
1035 2030 1198 2110 adiunctis
1215 2048 1297 2095 con·
1391 2041 1392 2064 ¹

203 2134 343 2214 tingere,
370 2140 406 2195 ut
417 2132 548 2212 signum
560 2130 709 2192 divinum
726 2130 874 2192 videatur
889 2130 930 2191 ad
945 2130 1072 2211 aliquid
1100 2129 1296 2193 confirman-

194 2221 297 2307 dum,
314 2233 341 2293 si
357 2230 392 2292 id
407 2230 529 2312 dequo
544 2228 650 2310 agitur
665 2228 784 2291 falsum
800 2227 852 2302 sit,
866 2237 898 2289 et
911 2229 1039 2291 nullum
1054 2227 1199 2291 medium
1212 2246 1293 2310 supr
1391 2277 1392 2301 ,

205 2339 304 2412 petat,
332 2348 399 2412 quo
414 2329 562 2411 dignosci
577 2328 692 2409 possit,
707 2314 970 2390 eventumillum
986 2328 1117 2409 signum
1143 2328 1295 2391 diuinum

205 2446 273 2493 non
290 2447 373 2493 esse.

203 2628 343 2691 tamna
357 2635 432 2701 arte,
445 2626 492 2687 cel
501 2625 610 2705 fraude
618 2634 747 2706 patrato

245 2725 337 2798 Quod
354 2734 477 2806 spectat
491 2724 532 2787 ad
547 2734 661 2799 artem,
679 2724 846 2787 mirabilia
862 2723 1030 2808 ortelium
1044 2725 1093 2788 vel
1111 2740 1171 2805 per
1186 2731 1298 2787 motus

204 2826 325 2889 locales
337 2824 525 2887 dexteritate
540 2824 682 2906 quadarn
702 2833 882 2898 contectos,
909 2835 964 2887 aut
986 2825 1163 2888 artificiosa
1178 2823 1297 2887 celeri·

202 2931 268 2987 tate
292 2925 398 2986 oculis
426 2924 626 2986 intuentium
655 2925 846 2998 subductos,
874 2924 922 2986 vel
951 2943 1011 3005 per
1038 2924 1296 3006 applicationem

203 3023 403 3086 naturalium
430 3023 596 3104 agentium
625 3022 666 3084 ad
681 3024 810 3103 passiva·
835 3024 1095 3104 proportionata.
1128 3023 1241 3104 ltaque
1266 3025 1296 3085 si

204 3123 287 3203 quid
318 3133 517 3205 permotum
535 3123 685 3198 localem,
703 3131 758 3185 aut
785 3132 909 3187 naturae
925 3124 1051 3186 viribus
1066 3123 1226 3187 adhibitis
1255 3125 1297 3187 ab

205 3221 342 3291 homine
359 3221 429 3285 fieri
447 3222 574 3303 nequit,
594 3222 657 3284 hoc
671 3233 760 3284 certe
776 3240 843 3285 non
864 3225 927 3285 erit
944 3224 1023 3287 artis
1038 3223 1197 3302 operatio.

247 3320 376 3385 Fraude
391 3319 470 3401 fingi
488 3322 784 3402 possuntquaedam
800 3322 966 3402 adjuncta,
981 3331 1016 3385 ut
1030 3340 1114 3405 opus
1129 3321 1298 3404 quoddam

204 3417 441 3480 miraculosum
470 3419 656 3495 simuletur,
683 3439 713 3484 v.
731 3438 779 3500 gr.
798 3421 984 3498 infirmitas,
1005 3412 1041 3485 ut
1066 3424 1193 3486 sanatio
1218 3424 1297 3486 dein

206 3533 266 3596 per
293 3516 491 3578 miraculum
503 3517 587 3578 effici
614 3517 774 3581 videatur.
793 3520 828 3583 ln
857 3512 1053 3594 hoc'autem,
1071 3522 1229 3601 quoniam
1257 3524 1300 3584 de

204 3616 290 3678 iacto
311 3614 429 3694 agitur,
456 3616 622 3697 siquando
650 3615 813 3694 ejusmodi
846 3617 986 3680 dubium
1015 3636 1054 3680 ex
1082 3636 1299 3699 personarum

205 3731 244 3776 ac
273 3712 349 3774 finis
378 3713 821 3788 considerationeinciderit,
839 3716 1048 3778 consulendae
1070 3727 1147 3779 sunt
1175 3718 1301 3782 critica

93 3857 118 3901 .'
209 3814 310 3891 leges.
388 3832 390 3835 ·

247 3909 407 3973 Caeterum
422 3917 454 3974 et
469 3910 505 3972 in
519 3868 583 3974 hoc
598 3911 687 3973 idem
703 3911 885 3975 notandum
900 3923 960 3987 est,
977 3913 1067 3994 quod
1084 3914 1125 3977 de
1142 3915 1227 3978 miro
1240 3933 1299 3979 na·

205 4009 302 4073 tnrali
315 4009 499 4072 notavimus
511 4028 551 4072 ex
562 4010 682 4073 divine
694 4011 908 4090 providentiae
919 4012 1185 4077 consideratione
1200 4012 1298 4107 (469).

246 4106 320 4170 471.
335 4107 370 4170 3⁰
385 4106 487 4172 Potest
514 4109 665 4190 maneta,
681 4107 767 4191 fectu
780 4112 920 4192 quodum
943 4112 1103 4177 mirabilis
1128 4131 1183 4176 aec
1196 4116 1299 4179 mole·

244 2525 318 2591 tto.
345 2527 379 2590 2⁰
405 2527 507 2590 Potest
523 2475 673 2607 'cognosci
697 2524 782 2605 [octo
803 2526 942 2606 quadam
963 2524 1121 2588 mircdilic
1148 2543 1214 2588 noo
1235 2543 1297 2588 csse
1391 2506 1392 2511 ἵ
