2792 4600
444 329 530 374 nonna
551 327 712 386 sequanus,
735 329 827 374 cirus
851 331 872 374 l.
1133 302 1205 375 ΓΠ

161 442 228 507 too.
249 443 428 505 Puorosruo
449 441 502 506 lv.
520 441 648 505 Loclcim
676 443 712 505 in
726 445 766 505 iis
787 464 853 525 qua
874 430 994 507 disserit
1022 447 1106 508 circo
1134 449 1209 509 sab-
1317 434 1320 443 ’

123 544 233 609 dualia
255 548 445 623 conceptum,
462 541 544 606 ludit
565 541 602 606 ia
624 543 781 625 ambiguo,
796 544 855 606 sili
876 545 1061 608 contradicit
1074 557 1101 609 et
1124 556 1209 610 errat

124 640 284 722 manifesto.
847 720 849 723 ι

161 740 192 806 1⁰
203 739 300 803 Ludit
319 739 354 801 iu
383 738 538 819 ambiguo
556 755 564 802 ε
582 739 681 802 simul
710 737 799 801 euim
827 740 1004 819 permiscet
1019 744 1209 822 generalem

124 839 302 904 substantia
317 837 486 900 notionem
513 855 588 901 cum
602 838 793 918 cognitione
807 838 1066 903 substantiarum
1084 841 1118 904 in
1135 862 1211 925 spe·

123 938 176 1003 cie.
193 936 311 999 intima
332 934 469 1017 quidem
494 936 742 1016 particularium
759 937 1019 1016 substantiarum
1044 944 1207 1004 constitu-

123 1036 180 1099 tira
203 1052 264 1098 nos
289 1034 406 1110 latent3
423 1043 453 1096 at
471 1035 608 1097 minime
623 1052 683 1098 nos
710 1035 786 1097 latet
800 1046 832 1098 et
847 1055 916 1098 esse
944 1038 1160 1103 substantiam
1177 1051 1212 1103 et

122 1134 196 1217 qaid
212 1132 253 1196 sit
270 1131 353 1211 (lot,
371 1132 457 1210 155).
1070 1144 1072 1150 ·

119 1246 122 1249 ’
156 1230 271 1298 nster
287 1241 398 1312 aperte
409 1226 618 1291 contradicit.
635 1229 717 1292 Nam

158 1328 324 1410 cldsserit
341 1325 531 1391 substantiae
556 1327 752 1391 vocabulum
780 1327 871 1391 nulla
900 1338 1045 1393 mentem
1067 1332 1137 1394 idea
1157 1333 1210 1395 di-

120 1439 194 1506 are,
208 1446 244 1490 ac
256 1428 356 1489 simul
369 1425 462 1502 dicit,
476 1425 673 1490 vocabulum
687 1426 775 1489 idem
789 1428 928 1490 excitare
941 1427 976 1489 in
990 1429 1087 1492 uobis
1099 1433 1209 1494 notio·

120 1545 190 1592 nem
204 1524 342 1606 subjecti
372 1525 425 1586 cui
442 1523 615 1604 qualitates
644 1524 826 1602 inhaerent;
853 1542 928 1605 quae
958 1527 1093 1606 quidem
1117 1531 1211 1594 notio

123 1624 261 1709 prolecto
277 1623 389 1704 aliqua
402 1622 475 1684 idea
488 1630 548 1685 est.

156 1724 184 1803 l)
197 1724 356 1786 Praeterea
372 1718 480 1782 statim
496 1736 533 1780 ac
554 1719 634 1781 dixit
657 1719 849 1783 substantia
875 1721 1009 1783 nomino
1031 1739 1091 1784 uos
1106 1723 1209 1786 colle·

122 1822 256 1886 atonem
273 1821 457 1901 exprimere
469 1817 679 1898 qualitatum,
694 1818 787 1881 illico
799 1817 944 1899 subjicit,
958 1836 1025 1883 non
1039 1838 1133 1902 posse
1149 1840 1212 1885 nos

123 1919 287 2003 qualitates
302 1919 379 1981 istas
401 1917 576 1998 concipere
597 1917 832 1994 subsistentes,
854 1918 1008 1999 quocirca
1024 1923 1212 1984 necessario

122 2017 334 2101 supponimus
362 2015 563 2079 substratum
587 2015 724 2095 aliquod
745 2016 780 2079 in
802 2017 1077 2097 quosubsistant.
1094 2019 1207 2101 Atqui

121 2119 164 2179 sic
176 2116 271 2192 dicit,
288 2132 400 2179 noune
415 2115 479 2176 boc
494 2113 575 2175 dicit
592 2131 599 2177 ε
614 2130 803 2194 quanquam
821 2132 888 2177 non
906 2117 1083 2180 babeamus
1100 2117 1209 2183 ideam

121 2214 316 2289 substantiae,
330 2222 439 2275 tamen
452 2212 637 2274 necessario
652 2229 725 2274 eam
742 2212 920 2275 habemus?

33 2371 36 2378 .
156 2317 180 2393 c)
192 2314 267 2395 lpse
279 2314 417 2377 Laelius
429 2310 560 2389 fatetur,
575 2312 790 2378 substantiam
803 2313 966 2377 sermonis
980 2315 1114 2377 humani
1132 2335 1208 2397 per·

32 2411 33 2414 ’
119 2421 243 2495 petuam
258 2426 332 2475 esse
346 2411 528 2474 materiam.
546 2410 667 2475 Revera
683 2411 764 2491 quid
781 2410 968 2492 significant
980 2413 1113 2475 nomina
1129 2415 1207 2477 sub-

118 2511 248 2575 stantiva
266 2510 439 2574 concreta?
455 2509 537 2590 quid
553 2508 663 2572 delicit
677 2508 713 2571 iu
725 2508 917 2573 abstractis?
931 2510 1012 2591 quid
1028 2520 1211 2576 connotant

32 2657 33 2672 2
117 2611 291 2690 adiectiva‘l
305 2608 346 2673 At
357 2609 385 2671 si
398 2608 534 2671 uomina
546 2616 622 2670 suut
636 2626 710 2688 quae
723 2608 938 2671 substantiam
950 2609 1146 2687 significant,
1160 2619 1210 2673 est
1238 2678 1241 2682 ,

119 2708 260 2789 prolecto
275 2709 312 2772 iu
331 2715 442 2771 mente
465 2707 608 2769 bumana
627 2706 700 2767 idea
729 2705 930 2769 substantiae.
958 2707 1055 2768 Vides
1085 2708 1209 2771 habere

120 2806 169 2869 bio
183 2808 293 2870 locum
307 2812 497 2886 argumenta
509 2803 632 2880 omnia,
650 2821 724 2883 quse
739 2810 853 2867 cantra
868 2804 1052 2868 nominales
1064 2805 1209 2869 afferun-

118 2906 225 2984 tur(L.
253 2904 329 2980 525,
346 2907 441 2984 seq).
459 2902 599 2967 Lockius
624 2901 714 2965 enim
745 2901 779 2965 iu
811 2903 870 2965 bac
900 2913 990 2985 parte
1006 2922 1141 2985 prorsus
1165 2907 1205 2967 ad
1266 2895 1268 2900 ’

118 3003 300 3068 nominales
316 3002 470 3085 pertinet.

149 3105 227 3168 llil.
244 3103 278 3165 5⁰
293 3104 388 3168 Errat
408 3101 545 3182 insuper
574 3099 745 3163 manifeste
765 3100 904 3164 Lockius
934 3103 966 3163 1·
987 3119 1090 3188 quum
1115 3103 1206 3176 arbi·

118 3209 217 3266 tratur
240 3200 379 3266 nomina
393 3200 648 3278 substantiarum
672 3198 759 3260 nihil
779 3199 870 3262 aliud
896 3201 1090 3280 exprimere,
1107 3219 1207 3282 quam

118 3291 304 3381 congeriem
316 3300 510 3380 qualitatum
523 3316 604 3378 quas
616 3315 716 3361 sensu
728 3297 946 3379 percepimus,
957 3298 1067 3378 ignota
1078 3301 1208 3364 ratione

117 3398 378 3464 coexistentium.
396 3399 478 3463 Nam
493 3397 566 3477 ipse
583 3409 716 3478 quoque
731 3397 823 3459 lateri
843 3397 983 3476 cogitur,
1000 3415 1073 3474 nos,
1090 3407 1210 3480 praeter

117 3497 289 3578 qualitates
311 3496 496 3572 sensibiles,
513 3496 647 3560 illarum
663 3513 796 3575 quoque
818 3495 1001 3575 subjectum
1017 3498 1206 3578 concipere.

117 3594 235 3659 Revera
251 3595 328 3676 quis
344 3595 431 3659 dicat
445 3594 479 3657 in
496 3595 586 3675 pomi
612 3613 642 3656 v.
659 3611 708 3674 gr.
725 3603 885 3673 conceptu
900 3593 987 3656 nihil
1008 3594 1098 3657 aliud
1115 3612 1207 3658 com-

118 3694 372 3775 prehendi„nisi
396 3694 545 3775 figuram,
563 3693 719 3768 colorem,
742 3692 950 3756 dulcedinem
974 3693 1210 3757 coexistentes?

117 3792 184 3856 lmo
210 3791 400 3874 figuratum,
417 3792 608 3856 coloratum
622 3800 655 3854 et
670 3790 767 3874 dulce
783 3802 892 3854 mente
918 3790 1209 3871 apprehendimus,

118 3898 212 3971 atque
223 3892 270 3954 ita
283 3898 318 3955 ut
329 3907 515 3973 quanquam
528 3890 595 3953 dici
608 3901 749 3970 nequeat
765 3906 773 3953 :
790 3888 893 3970 figura
905 3897 953 3951 est
965 3889 1058 3952 color
1069 3890 1117 3952 rel
1131 3890 1208 3953 dul·

118 3988 215 4065 cedo;
232 3988 301 4052 dici
324 3998 432 4053 tamen
449 3987 575 4070 possit:
595 3987 768 4070 figuratum
784 3996 832 4050 est
850 3987 1033 4051 coloratum
1049 3998 1081 4052 et
1098 3988 1208 4052 dulce.
