2792 4600
87 284 89 288 ¹
170 300 211 364 88
637 312 810 360 ouronoon.

170 453 185 489 ι
208 432 294 493 citur
318 428 477 509 consequi
503 396 644 490 formam
671 428 738 491 sive
753 444 813 508 per
823 425 1095 499 dimunitionem,
1113 424 1183 488 sive
1199 440 1260 504 per

171 550 186 586 a
210 527 385 608 quamdam
402 526 652 589 conuenientem
666 525 916 606 proportionem
929 526 977 603 (r).
993 544 1011 581 .,
1378 590 1379 613 χ

210 624 409 705 intelligitur
420 626 454 686 2⁰
467 625 647 705 descriptio
660 625 718 686 illa
733 625 834 688 altera
849 623 1029 705 qualitatis,
1046 639 1111 704 qua
1123 620 1266 684 dicitur:
1378 620 1379 709 l

170 718 383 787 determinatio
416 723 541 803 subjecti
567 724 609 785 ud
636 724 763 803 siquod
786 740 848 784 csse
874 721 1060 785 occidentale
1095 721 1265 785 seucum

170 822 299 884 debilem
312 839 489 884 mensurum
504 823 553 899 (a).
571 821 653 895 Quia
663 820 817 884 videlicet
832 819 1030 885 determinat
1044 819 1262 882 substantiam
1378 816 1379 871 l

172 919 374 1001 perficiendo
404 919 496 981 illam
524 908 710 981 secuudum
724 919 861 982 formam
875 917 1107 998 principalem,
1126 935 1199 997 quae
1213 925 1264 979 est

171 1027 375 1094 caeterorum,
393 1036 463 1099 quae
479 1018 513 1079 in
530 1026 687 1080 anteesse
702 1017 831 1092 debent,
845 1033 1012 1079 mensura.

212 1116 414 1197 'intelligitur
428 1116 462 1178 5⁰
473 1133 532 1179 cur
544 1117 739 1179 differentiae
755 1132 878 1188 rerum,
893 1113 1026 1194 quando
1040 1130 1152 1176 earum
1167 1113 1265 1194 igno·

173 1224 265 1278 ratur
275 1215 671 1296 essentia,perqualitates
680 1212 1129 1291 communiterassignentur.
1138 1208 1265 1292 Nempe

175 1314 253 1395 quia
268 1332 327 1393 per
343 1314 516 1395 qualitates
528 1332 581 1377 res
593 1315 627 1376 iu
644 1331 705 1377 suo
721 1331 792 1375 esse
807 1315 1026 1392 complentur.

214 1412 304 1473 Patet
316 1411 489 1474 imod⁰cur
501 1413 579 1491 ipsae
594 1411 755 1492 specificae
767 1427 924 1491 generum
933 1409 1265 1483 differentiae,eorum

174 1509 347 1589 qualitates
361 1510 586 1589 appellentur;
603 1519 639 1571 ut
650 1526 754 1588 quum
771 1508 986 1589 interroganti
1005 1525 1013 1572 :
1031 1508 1129 1589 quale
1140 1508 1266 1569 animal

173 1608 216 1670 sit
231 1608 343 1683 bomo,
357 1607 596 1687 respondemus
611 1625 681 1669 esse
694 1606 854 1668 rationale
870 1605 916 1683 (L.
933 1603 997 1683 39).
1011 1604 1092 1667 Nam
1108 1605 1267 1686 quemad·

173 1707 309 1770 modum
325 1705 542 1775 accidentales
564 1705 739 1786 qualitates
757 1704 926 1784 complent
944 1722 982 1766 ac
994 1704 1170 1785 perficiunt
1185 1704 1266 1767 sub·

175 1802 302 1866 stantiae
317 1805 503 1878 essentiam,
533 1803 577 1865 ita
602 1803 785 1866 essentialis
800 1801 983 1864 differentia
1000 1819 1104 1882 genus
1120 1802 1268 1881 complet

176 1921 214 1965 ac
230 1902 369 1982 perlicit.
401 1904 621 1982 Propertione
641 1901 903 1982 igiturssquadam
919 1903 989 1964 haee
1004 1920 1137 1982 quoque
1153 1918 1267 1963 essen·

178 2002 266 2064 tialis
282 2000 440 2080 perfectio
456 2002 596 2082 qualitas
612 2002 808 2082 appellatur.

219 2097 290 2161 llo.
314 2097 458 2169 Qualitas
484 2099 604 2174 omnis,
623 2110 658 2161 ut
673 2117 712 2161 ex
724 2097 918 2163 delinitione
931 2096 1120 2162 immediate
1135 2098 1268 2176 colligi·

177 2208 240 2272 tur,
258 2198 307 2260 vel
323 2197 364 2258 ad
387 2197 497 2278 ipsum
520 2217 590 2261 esse
616 2197 807 2261 substantie
823 2196 1063 2277 perficiendum
1078 2195 1263 2272 ordinatur,

175 2294 225 2358 vel
249 2294 288 2357 ad
313 2295 383 2384 ejus
409 2298 648 2378 operationem.
676 2298 744 2360 Sub
774 2296 880 2377 prima
901 2296 1010 2377 specie
1025 2295 1264 2360 continentur:

56 2470 60 2474 .
176 2394 207 2457 1ο
219 2397 335 2475 fipcrc,
354 2416 427 2477 quae
439 2398 558 2460 modus
573 2406 622 2461 est
633 2416 689 2460 seu
706 2397 894 2461 terminatio
910 2396 1114 2479 quantitatis,
1125 2413 1268 2477 quaeque
1378 2469 1379 2494 χ

176 2492 282 2554 torma
296 2493 344 2555 rei
357 2502 489 2557 externa
505 2495 638 2570 dicitur,
657 2498 767 2575 prouti
783 2495 1009 2559 consideratur
1021 2502 1057 2557 ut
1072 2502 1120 2557 est
1137 2496 1171 2556 in
1187 2494 1267 2556 sub·

173 2589 260 2671 jecto
289 2608 449 2671 corporeo
466 2608 474 2655 t
492 2594 526 2656 2⁰
538 2594 690 2655 sensibiles
705 2593 877 2674 qualitates,
896 2593 1010 2655 saltem
1038 2600 1198 2672 quatenus
1226 2610 1268 2655 ex
1378 2601 1379 2612 ¹

176 2688 247 2768 ipsa
262 2705 440 2768 corporum
456 2690 523 2752 sive
532 2692 736 2769 permanenti
753 2690 1063 2754 constitutionesive
1075 2699 1268 2754 transeunte

176 2785 408 2849 immutatione
436 2788 594 2851 resultant
611 2806 618 2853 :
634 2789 811 2852 ordemum
841 2788 951 2851 omnis
980 2788 1044 2850 ulia
1060 2789 1210 2869 qualitas,
1234 2789 1265 2851 si
1378 2807 1379 2860 l

177 2884 310 2963 quasit,
328 2903 401 2964 quae
424 2904 531 2966 neque
560 2889 708 2967 operatio
725 2887 767 2949 sit
782 2904 889 2967 neque
909 2887 949 2948 ad
966 2887 1191 2965 operationem
1208 2905 1270 2968 per
1378 2873 1379 2918 ³

181 2999 215 3042 se
244 2982 351 3060 primo
381 2983 567 3060 ordinetur,
585 2986 640 3049 sed
667 2986 707 3047 ad
728 2986 962 3067 perficiendam
977 2986 1269 3068 exercendamque
1378 3007 1379 3060 ς

179 3080 405 3146 substantiam.
422 3084 581 3147 Praeterea
588 3085 620 3146 4⁰
633 3087 783 3166 quaedam
800 3094 876 3168 suut
891 3086 1113 3165 qualitatesque
1125 3087 1269 3166 pluribus
1378 3081 1379 3118 ³

178 3180 251 3240 otiis
264 3182 500 3258 resultantes,ut
515 3184 650 3259 sanitas,
660 3203 734 3265 quoe
750 3204 787 3247 er
805 3187 982 3247 humorum
995 3191 1268 3265 temperament03
1378 3173 1379 3212 l

177 3286 207 3338 et
220 3277 445 3355 pulchritudo,
463 3298 536 3361 quae
551 3301 588 3344 ex
605 3284 748 3363 partium
765 3283 994 3363 dispositione,
1012 3281 1115 3363 ligura
1131 3292 1162 3345 et
1177 3283 1268 3346 colea
1378 3311 1379 3346 l

106 3417 122 3434 s
177 3373 271 3435 ribus
285 3375 458 3453 coalescit;
471 3395 508 3440 ac
523 3387 624 3441 status
643 3398 821 3459 corporum
837 3380 998 3455 diversus,
1015 3398 1052 3442 ex
1064 3398 1131 3460 quo
1146 3381 1195 3444 vel
1212 3399 1269 3444 so·

177 3469 245 3531 lida
259 3480 335 3532 sunt
350 3472 398 3533 vel
415 3474 597 3553 liquidovel
617 3477 785 3556 aerca,qui
803 3477 883 3539 varii
897 3486 998 3541 status
1013 3496 1052 3542 ex
1062 3478 1268 3541 diversarum

178 3568 298 3630 virium
313 3577 572 3648 temperamento
584 3583 843 3655 consequuntur.

219 3664 409 3730 177.Altera
424 3668 552 3748 species
566 3672 819 3750 comprehendit
834 3671 997 3753 quidquid
1014 3647 1204 3736 substantie
1214 3692 1269 3737 ac·
1378 3685 1379 3760 l

178 3762 274 3837 cedit,
290 3773 446 3846 tanquam
463 3768 650 3846 proximum
668 3771 873 3851 operationis
889 3771 1106 3853 principium.
1123 3774 1268 3837 subhac
1378 3801 1379 3874 ᾖ

208 3928 240 3982 (1)
248 3927 303 3973 liet.
314 3929 381 3987 Dirp.
393 3929 469 3978 XLII.
480 3939 537 3978 sect.
550 3934 570 3976 l.
582 3935 594 3988 ὅ
608 3933 644 3979 vl.

208 3986 239 4041 (bl
247 3985 283 4032 Gi.
295 3998 315 4031 s.
326 3986 371 4034 Tb.
381 3987 447 4034 Sum.
459 3989 492 4035 tlr.
503 3992 525 4039 l.
536 3990 559 4036 2.
571 4002 595 4049 p.
605 4002 629 4050 q.
638 3990 725 4039 xiix.
737 4003 751 4039 a
763 3992 790 4041 ll
