2792 4600
449 357 537 404 trena
559 358 680 419 aarum,
704 358 796 404 canor
819 358 853 403 ιι.
1138 335 1201 400 225

111 486 194 544 vam,
210 486 248 533 ac
263 470 406 533 vicissim
422 472 464 533 ab
478 474 644 537 attractiva
660 473 695 535 in
711 471 909 552 repulsivam
924 470 1049 551 pluries
1065 468 1198 532 mutari.

151 566 203 632 to.
220 568 458 633 inconveniens
474 589 562 648 vero,
576 572 665 653 quod
680 572 715 634 in
731 571 794 634 hoc
809 579 981 650 systemate
995 587 1055 650 eqo
1071 568 1200 650 perspi·

109 664 175 740 cio,
194 666 258 730 iroc
280 676 338 740 eat,
355 669 444 749 quod
459 679 515 733 aut
540 672 704 734 actionem
721 670 755 731 in
773 670 897 731 distans
921 686 1043 750 ponere
1057 666 1199 749 cogitur,

110 772 166 826 aut
177 763 218 827 ad
233 766 543 833 occasionalismnm
560 769 744 832 deflectere.
1042 822 1044 824 >

151 863 282 928 Etenim
296 866 504 931 attractiones
519 866 585 931 illae
602 868 872 948 repulsionesque
887 864 1090 946 simplicium
1115 881 1201 945 pun·

111 969 237 1025 ctornm
257 964 307 1027 vel
332 973 409 1028 sunt
423 984 505 1029 verae
520 983 558 1029 ac
586 967 728 1048 physica
750 966 942 1029 eorumdem
976 957 1132 1038 actiones,
1149 962 1199 1026 rel

110 1077 217 1123 secus.

150 1157 187 1220 Si
203 1166 280 1222 aunt
294 1176 377 1224 rara
391 1179 430 1226 ac
441 1162 583 1245 physicae
598 1163 755 1240 actiones,
766 1162 834 1244 jam
850 1159 1015 1241 simplicia
1028 1160 1097 1222 hac
1113 1175 1199 1238 pun·

111 1264 162 1318 cta
171 1265 274 1337 agunt
285 1257 320 1320 in
332 1259 469 1325 distans.
482 1261 685 1326 Intaranum
698 1262 787 1325 enim
800 1262 977 1324 etalterum
988 1278 1087 1322 vacua
1099 1257 1200 1320 inter·

106 1351 194 1435 jacet
207 1354 372 1434 distantia,
390 1360 461 1423 sine
473 1360 542 1424 ullo
558 1360 679 1434 medio,
692 1373 748 1424 aut
762 1359 927 1436 vehiculo,
941 1377 1000 1439 per
1015 1356 1100 1439 quod
1113 1355 1199 1418 actio

110 1451 212 1515 unius
226 1453 267 1516 ad
283 1454 421 1519 aiterum
436 1467 589 1521 transeat.
613 1460 698 1539 Ergo
715 1458 975 1539 unumquodque
989 1475 1028 1521 ex
1045 1455 1096 1518 his
1115 1471 1200 1536 pun·

109 1550 173 1614 ctis
187 1552 254 1633 agit
269 1554 304 1616 in
319 1553 456 1631 distans,
474 1558 540 1638 agit
555 1558 612 1620 ubi
628 1569 677 1621 est
689 1558 737 1634 (0.
753 1557 836 1636 968).

150 1650 265 1731 Neque
284 1651 374 1717 dicas
388 1664 573 1719 contactum
590 1657 781 1737 quantitatis
796 1675 814 1718 a
835 1662 986 1720 contactu
1002 1652 1130 1716 virtutis
1146 1651 1200 1713 di·

108 1746 234 1827 stingui
246 1765 255 1825 ;
268 1766 363 1831 posse
372 1752 545 1832 igiturduo
558 1772 672 1835 quaese
684 1757 751 1817 non
760 1754 954 1834 contingunt
962 1751 1071 1832 primo
1085 1749 1197 1823 modo,

108 1843 216 1909 altaro
229 1865 265 1910 se
278 1849 481 1932 contingere.
494 1853 552 1926 Ne,
569 1853 717 1934 inquam,
732 1853 794 1915 hoc
809 1851 923 1914 dicas:
942 1866 1018 1912 nam
1029 1857 1199 1913 contactus

110 1941 168 2006 hic
190 1945 261 2026 ipse
283 1947 411 2012 virtutis
439 1951 550 2014 haberi
567 1952 693 2031 nequit,
724 1951 786 2012 nisi
802 1950 859 2013 uhi
889 1966 987 2029 agens
1002 1966 1037 2010 se
1058 1962 1201 2026 praesens

107 2042 281 2123 exhibeam
298 2047 428 2110 nulium
440 2050 529 2112 enim
541 2067 640 2130 agens
654 2068 750 2130 agere
765 2058 871 2131 potest
886 2048 942 2112 ubi
957 2064 1023 2111 non
1040 2053 1097 2109 est.
1114 2046 1200 2107 Pun-

107 2149 201 2204 ctum
215 2153 324 2208 autem
346 2147 488 2229 simplex
504 2166 570 2213 non
592 2149 692 2211 modo
708 2159 756 2211 est
771 2148 910 2230 simplex
927 2147 961 2209 in
978 2145 1105 2208 ratione
1120 2143 1200 2206 sub·

107 2241 250 2316 stantia,
279 2242 414 2307 utDens
435 2257 465 2308 at
491 2247 600 2309 anima
623 2246 777 2322 humana,
806 2245 862 2309 sed
889 2244 987 2308 etiarn
1014 2245 1047 2307 in
1070 2241 1199 2305 ratione

106 2340 320 2418 quantitatia;
342 2352 390 2405 est
410 2343 500 2405 enim
529 2362 639 2424 agens,
658 2344 752 2424 cnjus
783 2344 955 2425 prasentia
976 2339 1136 2404 limitatur
1158 2338 1199 2401 ad

109 2448 270 2516 punctum
300 2434 533 2520 geometricum
550 2444 584 2505 io
610 2443 730 2523 spatio.
748 2442 832 2524 Ergo
859 2449 1044 2507 contactum
1070 2435 1200 2501 virtutis

108 2545 265 2601 exercere
275 2539 402 2620 nequit,
420 2540 483 2604 nisi
499 2542 534 2604 in
546 2560 585 2606 eo
598 2552 721 2625 puncto
735 2542 849 2623 inquo
864 2558 1004 2622 praesens
1016 2547 1075 2613 est,
1089 2547 1120 2600 et
1132 2552 1200 2600 non

109 2632 210 2697 ultra.
266 2658 275 2671 ·

151 2732 189 2796 Si
206 2750 282 2797 vero
297 2737 506 2802 attractiones
520 2739 793 2823 repulsionesque
807 2737 876 2801 istae
891 2753 958 2800 non
970 2749 1046 2798 sunt
1063 2740 1200 2814 puncto·

110 2848 188 2894 rum
202 2840 324 2896 mutae
338 2835 494 2909 actiones,
511 2836 636 2899 nuliam
652 2837 750 2899 aliam
765 2836 884 2898 habere
900 2841 1039 2914 possunt
1053 2847 1197 2905 causam,

109 2928 187 3010 ipso
201 2929 417 2996 Boscovichio
434 2932 552 2996 fatente
567 2935 618 3013 (r),
635 2952 735 3015 quam
751 2943 806 2998 aut
822 2932 1067 3014 praestahiiitam
1083 2946 1200 3009 quam·

109 3026 189 3090 dam
207 3029 412 3093 harmoniam
433 3031 520 3093 inter
540 3031 698 3106 actiones,
716 3051 796 3113 quas
812 3039 932 3113 puncta
948 3026 1203 3092 exercentium

107 3128 232 3207 seipsa,
245 3136 301 3191 ant
315 3129 477 3192 actionem
494 3129 716 3193 immediatam
732 3129 899 3193 creatoris.
916 3130 957 3192 nt
973 3126 1080 3207 prima
1094 3125 1197 3205 hypo·

76 3247 80 3256 ·
108 3225 216 3289 tiresia
237 3235 286 3290 est
312 3227 421 3308 ipsum
448 3227 619 3292 Leibnitzii
635 3237 870 3304 commentum,
898 3227 999 3289 altera
1022 3232 1071 3287 est
1096 3239 1200 3303 purus

7 3372 8 3375 ,
111 3333 278 3406 putusque
293 3327 597 3394 occasionalismus.
615 3328 786 3404 Quomodo
801 3337 909 3391 autern
925 3323 1055 3404 concipi
1074 3323 1200 3405 possint

110 3421 314 3500 substantiae,
338 3443 479 3505 quarum
506 3426 597 3490 nulia
611 3435 659 3489 est
685 3426 842 3500 extensio,
865 3441 1004 3506 quarum
1026 3417 1201 3502 praesentia

110 3523 275 3589 limitatur
302 3527 343 3588 ad
365 3537 524 3609 punctum
551 3528 585 3591 in
600 3529 719 3609 spatio,
736 3546 808 3608 quae
836 3526 926 3589 onita
940 3525 971 3588 vi
1001 3523 1138 3604 pollent,
1162 3519 1199 3581 in

111 3623 236 3704 quibus
251 3642 357 3706 neque
372 3626 420 3688 ris
439 3627 610 3690 resistendi
627 3627 694 3690 ulia
709 3637 768 3701 est,
791 3637 845 3690 aut
860 3643 931 3688 esse
946 3631 1052 3705 potest
1071 3620 1122 3698 (48
1141 3618 1199 3695 2⁰),

108 3739 174 3801 ego
189 3739 267 3787 sane
282 3741 348 3787 non
360 3724 467 3789 video.

155 3820 168 3845 *
182 3821 234 3886 nt.
248 3822 392 3887 Alterum
404 3841 537 3905 quoque
548 3823 782 3888 inconveniens
795 3822 829 3884 in
841 3819 1094 3886 boscorichiana
1106 3816 1200 3878 theo·

111 3916 163 3979 ria
190 3919 341 4001 plerique
366 3930 492 3997 notant,
516 3921 604 4003 quod
627 3939 746 4002 nempe
767 3922 993 3985 extensionem
1013 3916 1135 3979 realem
1156 3913 1202 3976 de

143 4049 177 4105 (1)
190 4047 289 4098 Diarert.
299 4051 334 4099 De
345 4051 444 4100 lumine.
461 4064 486 4112 p.
501 4051 522 4100 1·
537 4053 550 4108 t
563 4052 602 4110 ot,
611 4057 637 4098 et
651 4050 718 4099 alibi.
