2792 4600
177 314 238 379 010
615 330 804 377 cosnotoom.

69 495 77 500 ,
177 462 307 526 semper
332 444 484 525 multiple
514 443 659 507 minimae
685 444 888 525 quantitatis,
907 464 980 526 quae
997 463 1072 509 oum
1088 447 1196 528 primo
1212 448 1273 513 illo

174 553 396 624 componente
416 543 599 608 combinari
626 552 755 624 potest:
774 563 803 606 v.
821 561 870 624 gr.
889 544 949 609 lib
966 545 1144 625 nitrogenii
1164 559 1272 628 partes

177 640 357 704 combinari
385 649 521 722 possunt
544 659 619 704 oum
644 641 792 721 partibus
807 643 956 722 oxygonii
973 644 1021 705 vel
1041 643 1113 718 100,
1130 646 1180 708 vel
1198 645 1271 723 000,

176 737 313 816 001500,
326 741 374 803 001
388 739 460 816 tot,
476 740 525 806 vel
541 738 614 806 500.
632 739 706 803 llaec
718 740 768 803 lex
784 749 915 804 vocatur
933 743 1157 823 multiplorcm.

222 839 274 902 100
296 839 340 902 lix
357 841 531 922 postremis
543 841 632 904 bisce
644 839 773 904 duabus
789 840 916 922 legibus
929 840 1097 906 deducunt
1111 843 1272 908 cbimici:

182 941 224 1017 10)
242 947 367 1003 atomos
383 939 565 1020 primitivas
580 957 650 1001 esse
673 939 893 1002 indivisibiles
917 955 1040 1005 naturae
1067 943 1211 1012 viribus:
1228 945 1274 1023 2⁰)
1303 1004 1306 1006 ,

178 1046 306 1104 atomos
317 1040 477 1121 cujusque
489 1039 679 1108 substantie
691 1057 762 1101 esse
774 1039 916 1120 aequalcs
928 1041 1013 1103 inter
1023 1060 1070 1117 se,
1087 1052 1157 1107 tum
1172 1045 1271 1120 mole,

179 1143 249 1199 tum
266 1137 428 1217 pondere:
447 1136 491 1215 50)
509 1145 636 1199 atomos
651 1134 854 1198 diversarum
871 1139 1128 1205 substantiarum
1141 1151 1173 1203 et
1185 1143 1274 1207 mole

179 1243 212 1297 et
227 1235 373 1317 pondere
395 1235 574 1297 dissimiles
596 1252 677 1296 esse.
706 1233 753 1296 Ex
775 1236 1057 1315 crystallizationis
1078 1256 1155 1302 vero
1178 1239 1270 1320 pbae·

180 1334 333 1397 nomenis
347 1334 521 1398 deducitur
534 1333 577 1413 40)
595 1332 714 1413 figuras
731 1342 917 1396 atomorum
933 1334 1075 1398 diversas
1090 1355 1172 1399 esse.

223 1433 376 1496 15011100
392 1433 524 1496 tandem
541 1432 575 1496 in
591 1445 760 1513 comperto
775 1444 823 1496 est
835 1434 921 1514 apud
938 1446 1272 1500 omnes2atomorum

180 1532 370 1596 essentiales
397 1532 611 1613 proprietates
641 1532 714 1593 illas
730 1551 813 1607 csse,
831 1532 902 1595 sine
919 1534 1040 1614 quibus
1056 1553 1195 1616 corpora
1211 1555 1273 1600 uec
1307 1609 1310 1614 ,

181 1632 351 1712 percipere
370 1649 479 1708 sensu,
507 1649 567 1694 nec
593 1640 702 1694 mente
717 1632 892 1712 concipere
908 1650 1104 1712 possumus:
1119 1637 1271 1698 cetensio·

175 1735 249 1794 'cem
264 1730 427 1809 videlicet,
444 1731 556 1793 accim
570 1731 730 1792 resistendi
753 1740 922 1812 penetrare
936 1733 1080 1808 conanti,
1094 1743 1148 1796 aut
1161 1734 1271 1801 locum

109 1817 120 1828 ’
180 1847 343 1911 occupare
358 1847 456 1911 quem
473 1828 552 1910 ipsae
567 1838 742 1909 occupant.

635 2011 765 2077 CAPUT
789 2012 829 2076 ll.

676 2141 777 2183 corsis.

628 2277 800 2332 tuttcttttts'
817 2284 838 2330 l.

435 2400 446 2421 *
461 2398 621 2481 referitur
634 2412 763 2482 systema
774 2371 1016 2483 peripateticum.

223 2534 276 2598 01.
300 2532 393 2597 Νο00
415 2532 456 2596 de
477 2533 634 2613 expositis
662 2534 892 2615 systematibus
912 2535 1076 2613 iudicium
1099 2533 1272 2598 ferendum

182 2644 244 2696 est.
258 2632 340 2696 Nota
364 2644 483 2707 autem,
504 2633 587 2697 velle
614 2652 674 2696 nos
691 2635 754 2697 boc
771 2634 843 2697 loco
859 2634 900 2697 de
915 2634 1118 2714 inorganicis
1130 2644 1273 2697 tantum·

182 2730 282 2794 modo
315 2730 511 2811 corporibus
544 2749 730 2794 sermonem
765 2732 898 2795 babere.
923 2734 968 2796 lie
990 2731 1154 2812 organicis
1176 2732 1266 2795 enim

184 2837 220 2891 ut
242 2847 314 2909 quae
336 2829 376 2891 ab
399 2829 598 2911 inorganicis
620 2831 703 2894 adeo
726 2831 893 2906 differunt,
917 2832 1093 2911 separatim
1111 2832 1272 2894 disseren-

183 2929 265 2992 dum
281 2936 340 2990 cst.
1216 2947 1223 2960 ·

224 3027 399 3090 Veniamus
421 3027 528 3107 primo
549 3026 589 3089 ad
613 3037 752 3108 systema
782 3026 1033 3107 peripateticum
1061 3027 1276 3091 scholastico·

184 3142 271 3189 rum.
288 3123 380 3196 Quod
394 3124 529 3204 quidem
541 3143 704 3206 exponere
715 3144 824 3206 operae
838 3127 980 3206 pretium
994 3136 1075 3202 crat,
1094 3135 1130 3189 ut
1152 3136 1276 3190 veteres

184 3233 333 3288 auctores
355 3224 413 3303 qui
442 3223 528 3285 nihil
550 3224 585 3285 in
608 3242 665 3286 ore
688 3224 906 3304 frequentius,
930 3242 1037 3304 quam,
1052 3225 1221 3286 materiam
1244 3236 1277 3287 et

185 3324 324 3387 lormam
358 3322 490 3396 habent,
517 3322 664 3402 intelligi
694 3332 852 3404 possent:
877 3322 1018 3386 relatore
1040 3334 1149 3386 autem
1172 3322 1273 3385 videri

186 3430 295 3506 posset
317 3439 384 3484 non
412 3421 645 3496 necessarium,
669 3440 744 3484 cum
767 3422 953 3485 obsoletum
974 3421 1103 3502 jamdiu
1126 3421 1179 3495 sit,
1206 3427 1276 3482 eta

186 3519 311 3583 scholis
331 3519 549 3582 eliminatum.
566 3520 646 3592 Quia
661 3528 770 3583 tamen
788 3530 898 3583 nostra
913 3531 989 3582 aetas
1003 3519 1045 3581 ad
1062 3518 1277 3583 scholastico·

186 3618 436 3682 rumdoctrinas
447 3617 650 3692 recolendas,
660 3635 779 3697 magno
791 3618 927 3699 quidem
940 3618 1162 3699 philosophie
1174 3616 1276 3690 bono,

185 3736 221 3781 se
236 3718 406 3790 convertit,
420 3717 669 3799 timendumque
683 3727 732 3779 est
747 3735 788 3779 ne
803 3719 871 3778 sint
884 3716 1000 3797 aliqui,
1016 3717 1073 3795 qui
1091 3734 1157 3779 non
1173 3724 1280 3778 atten-

189 3817 232 3880 tis
247 3817 391 3898 physice
405 3817 551 3880 scientiae
574 3825 647 3897 post
668 3816 941 3879 scholasticorum
963 3825 1112 3894 tempora
1128 3830 1278 3894 progres-

189 3916 293 3992 sibus,
326 3926 432 3979 tantos
455 3916 555 3978 duces
578 3914 869 3977 indiscriminatim
893 3915 926 3976 in
949 3912 1105 3976 omuibus
1127 3912 1219 3992 sequi
1243 3928 1281 3972 se

188 4032 285 4096 posse
299 4013 523 4091 arbitrentur;
541 4014 625 4076 male
640 4030 693 4075 me
715 4011 888 4076 consulere
909 4011 1128 4075 existimarem
1150 4008 1282 4072 audito·
