2792 4600
158 287 220 348 l'ld
612 302 783 348 amomon.

159 402 244 463 nitas
267 403 347 476 ejus,
372 420 444 479 quae
467 400 750 481 simplicissimum
774 414 827 461 est*
849 408 879 460 et
903 397 1068 480 inlinitum
1091 417 1244 478 praesens,

157 499 314 561 omnibus
330 499 397 560 illis
409 500 536 561 actibus
548 499 688 563 indivisa
702 496 861 561 coexistit.
872 495 1154 567 Quemadmodum
1169 517 1246 579 ergo

158 607 194 659 tu
207 597 379 676 indefinite
394 598 546 672 aristeae,
561 608 593 660 et
605 594 964 660 successivusumnium
973 606 1103 659 actuum
1113 605 1245 659 tuorum

155 694 319 776 cognitor,
337 713 510 759 numerum
526 698 560 759 in
576 696 642 765 illis
658 697 791 759 totalem
808 712 874 755 non
894 695 1005 774 ponis;
1024 694 1144 757 itanee
1162 695 1245 758 Deus

157 794 310 873 cognitor
331 795 546 858 simultaneus
569 806 599 857 et
622 806 761 857 aeternus
785 810 958 854 numerum
981 793 1116 856 illorum
1139 794 1243 870 ridet3

118 969 121 974 Ι
156 895 235 971 quta
259 894 430 955 indelluita
452 895 553 958 series
575 894 769 956 collectione
791 891 1007 953 determinata
1030 900 1061 954 et
1083 892 1245 972 completa

157 992 320 1053 contineri
338 1010 404 1054 non
421 1002 548 1069 potest;
565 999 596 1053 et
611 992 678 1052 sire
693 987 876 1050 indefinitis
893 985 1243 1068 perceptionibussin-

156 1089 226 1167 guli
250 1089 319 1169 ejus
337 1090 473 1151 termini
497 1099 747 1167 cognoscantur,
775 1087 841 1149 sive
858 1087 958 1149 unico
973 1095 1045 1149 actu
1063 1086 1243 1149 indefinitis

156 1187 382 1266 equivalenta
400 1197 548 1249 naturam
566 1204 631 1249 non
649 1194 763 1247 mutat.

589 1350 754 1398 nnrtcutus
778 1351 817 1396 vt.

413 1462 453 1523 lle
467 1471 614 1543 conceptu
629 1464 706 1525 cutia
721 1463 803 1542 finiti
817 1471 844 1524 et
859 1463 989 1542 infiniti.

195 1595 269 1660 339.
293 1594 364 1657 Non
389 1595 522 1675 proprie
545 1595 585 1656 de
608 1594 736 1674 origine
768 1594 886 1656 borum
916 1600 1147 1672 conceptuum,
1171 1611 1244 1673 quae

154 1695 335 1776 disputatio
359 1695 480 1758 nostris
504 1685 636 1775 quoque
658 1693 863 1772 temporibus
887 1710 1004 1773 magno
1027 1701 1107 1756 aestu
1130 1693 1243 1772 agitari

155 1796 249 1868 solet,
274 1796 311 1858 ad
336 1801 526 1875 praesentem
551 1804 657 1856 tamen
689 1794 799 1856 locum
833 1811 899 1854 nou
931 1792 1100 1872 pertinet;
1123 1792 1179 1853 sed
1203 1793 1244 1852 de

154 1893 324 1972 obiectivis
347 1892 537 1954 eorumdem
561 1901 779 1970 conceptuum
803 1890 972 1952 elementis
996 1908 1033 1951 ac
1048 1891 1177 1953 formati
1194 1908 1243 1950 ra-

155 1991 258 2059 tione,
276 1989 403 2069 aliquid
420 1990 530 2051 dicere
543 1990 758 2052 intendimus.

196 2091 380 2152 Pnoeosrrm
402 2087 427 2149 l.
451 2088 592 2151 Finitum
618 2106 683 2149 non
712 2088 904 2168 coqueretur
923 2107 979 2167 per
1004 2088 1124 2167 infiniti
1148 2105 1244 2166 nepa·

155 2191 283 2253 tionem.
361 2226 363 2230 .
1309 2181 1312 2184 ’

197 2286 243 2349 lta
259 2306 388 2350 sensere
415 2287 516 2361 Plato,
541 2287 704 2351 cortesius
730 2286 874 2368 aliique:
892 2285 979 2349 unde
1005 2284 1245 2349 concludebant

155 2385 278 2447 infiniti
305 2386 411 2446 ideam
443 2386 619 2464 ingenitam
648 2403 728 2448 esse.
746 2385 808 2446 Sed
826 2386 946 2448 omissa
963 2384 996 2445 iu
1016 2382 1165 2463 praesenti
1183 2383 1244 2444 bac

155 2484 364 2559 deductione,
380 2483 449 2563 ejus
465 2482 715 2545 tundamentum
730 2483 824 2545 tacite
839 2483 1046 2545 convellitur.

198 2584 279 2665 Nam
292 2584 385 2643 limes
401 2601 466 2646 non
484 2591 529 2645 est
546 2582 674 2662 negatio
702 2582 884 2655 infinitatis,
902 2582 957 2644 sed
987 2581 1115 2661 negatio
1137 2581 1243 2662 perle-

154 2680 277 2743 ationis
299 2681 532 2760 cujuscunque.
550 2680 596 2741 Ad
613 2680 874 2759 cognoscendum
896 2690 1002 2741 autem
1018 2680 1156 2758 alicujus
1172 2697 1244 2759 per·

158 2779 309 2842 lectionis
332 2779 493 2841 deiectum
519 2779 552 2840 iu
576 2780 652 2842 dato
675 2781 833 2858 subjecto,
852 2797 983 2840 necesse
1007 2777 1153 2859 proiecto
1176 2796 1241 2840 nou

154 2888 216 2951 est,
241 2887 275 2938 ut
299 2878 362 2940 boe
383 2896 459 2939 cum
481 2879 589 2940 omnis
612 2878 769 2940 realitatis
793 2877 1000 2956 plenitudine
1015 2884 1242 2956 comparetur;

153 2975 447 3056 quemadmodum,
465 2995 493 3037 e.
511 2994 559 3055 gr.
577 2977 616 3036 ad
634 2977 897 3055 cognoscendum
930 2974 1012 3036 vasis
1038 2975 1175 3054 alicujus
1191 2993 1243 3035 ca·

155 3073 327 3153 pacitatem
353 3073 522 3135 limitatam
546 3092 615 3135 esse
644 3091 681 3135 ac
705 3074 862 3153 maiorem
885 3092 956 3135 esse
979 3091 1086 3153 posse,
1112 3091 1243 3136 necesse

155 3188 222 3234 non
247 3178 343 3232 estut
358 3188 433 3232 cum
449 3173 547 3232 maris
563 3174 638 3235 sinu
654 3157 737 3234 iilud
760 3189 970 3253 comparem:
987 3172 1043 3234 sed
1064 3173 1125 3235 boc
1141 3190 1244 3234 unum

154 3269 285 3342 sufficit,
303 3278 338 3332 ut
354 3287 406 3331 vas
422 3271 573 3350 capacius
589 3289 623 3332 se
640 3273 721 3332 mibi
750 3272 875 3345 offerat,
903 3271 1037 3352 eiusque
1063 3288 1161 3351 supra
1178 3273 1245 3353 pri·

155 3385 248 3429 mum
275 3386 422 3430 excessus
438 3387 454 3428 a
472 3386 523 3431 me
538 3369 734 3431 advertatur.
752 3372 807 3433 Sic
822 3389 955 3450 prorsus
981 3374 1020 3431 ad
1047 3388 1245 3450 cognoscen-

155 3466 236 3527 dum
250 3482 307 3526 ene
322 3465 456 3545 aliquod
474 3466 702 3540 esse'llnitu'm,
721 3467 798 3530 satis
812 3477 859 3529 est
873 3478 907 3529 ut
919 3469 1061 3547 aliquam
1076 3466 1245 3545 perlectio-

156 3581 231 3625 nem
250 3563 282 3623 in
301 3564 366 3625 alio
382 3571 456 3632 ente
472 3564 739 3635 animadvertam,
765 3584 829 3645 qua
857 3567 937 3628 illud
954 3578 1053 3629 caret.
1071 3565 1110 3627 Et
1124 3566 1164 3626 ad
1183 3567 1245 3628 boe

156 3661 359 3741 experientia
381 3662 511 3723 abunde
534 3662 663 3725 sufficit.
681 3663 762 3725 Cum
785 3664 873 3724 enim
897 3664 1063 3725 videamus
1086 3663 1244 3743 quasdam

155 3777 208 3820 res
226 3759 277 3819 bis
294 3759 551 3837 perfectionibus
573 3760 696 3833 ornari,
721 3761 878 3840 quasdam
894 3778 970 3823 vero
985 3760 1082 3835 aliis;
1099 3759 1266 3840 itemque

156 3856 192 3918 in
209 3857 322 3919 eadem
339 3857 537 3936 perfectione
552 3857 632 3918 alias
645 3876 696 3919 res
711 3860 825 3937 magis,
843 3860 923 3920 alias
939 3858 1048 3920 miuus
1063 3857 1222 3918 excellere
1237 3874 1246 3933 ;

154 3956 401 4035 comparatione
423 3955 517 4030 lacta,
547 3959 656 4018 statim
687 3957 914 4038 intelligimus,
938 3976 1030 4021 suam
1052 3957 1180 4037 cuique
1194 3957 1245 4019 rei
