2792 4600
178 252 241 318 lan
632 290 803 339 onrotount.

181 388 337 464 perfectio
355 393 492 459 inferior
510 401 637 464 effectui
655 409 909 475 communicata.
922 414 977 477 Sic
1004 416 1090 482 Deus
1106 422 1267 490 rationem

180 484 326 548 hominis
342 496 566 568 praecontinet.

219 583 252 644 5⁰
273 582 457 667 Virtuolt‘tcr,
472 611 574 672 quum
601 616 705 664 causae
727 605 873 670 activitas
901 611 975 674 talis
998 623 1057 691 est,
1076 626 1112 678 ut
1126 621 1267 701 perejus

176 683 369 746 exercitium
393 690 626 766 perfectionem
656 700 775 764 diversi
802 711 941 784 generis
959 713 1089 777 effectui
1115 718 1267 784 conferre

177 779 292 855 possit.
309 782 363 844 Sic
377 786 493 848 artifex
509 796 669 857 machinae
699 801 935 878 perfectionem
951 811 1110 887 continet,
1127 833 1266 898 eamque

173 892 236 938 suo
251 881 348 943 modo
363 887 532 950 continent
548 892 644 955 etiam
657 897 885 968 instrumenta.

218 977 418 1044 concitum.
433 986 465 1046 1⁰
489 984 605 1051 Nullus
621 993 753 1058 effectus
776 1002 943 1082 adaequata
958 1024 1016 1070 sna
1032 1027 1129 1074 causa
1147 1052 1149 1055 -
1159 1025 1265 1095 potest

174 1088 246 1134 esse
262 1076 449 1153 perfectior.
467 1082 567 1148 Secus
582 1102 666 1154 esset
681 1094 714 1156 in
731 1096 846 1161 effectu
863 1103 990 1184 aliquid
1007 1111 1097 1187 qnod
1116 1113 1149 1174 in
1166 1133 1264 1179 causa
1307 1190 1317 1199 υ

174 1186 239 1232 non
255 1179 520 1251 praecontinetur.
1090 1258 1092 1263 .
1292 1270 1295 1275 ⁴

215 1269 246 1329 n
262 1249 350 1335 rain
375 1279 491 1342 vernas
507 1284 613 1364 anagn
638 1289 852 1360 tttrus20moe
872 1308 1048 1387 aaaron
1073 1311 1259 1378 stttctmro.

172 1362 261 1428 Patet
274 1372 370 1432 etiam
386 1381 553 1454 quomodo
570 1387 632 1445 troc
643 1389 686 1447 sit
702 1390 965 1476 intelligendum.

185 1460 190 1473 '
210 1467 243 1528 ὅθ
255 1466 343 1530 lnter
365 1491 495 1538 causam
519 1483 736 1564 principalem
753 1503 784 1553 et
811 1496 1097 1568 instrumentalem
1111 1507 1196 1589 (264,
1214 1515 1261 1593 ὅθ)

171 1561 233 1625 boc
247 1566 377 1630 interest
394 1573 609 1655 discriminis,
624 1589 711 1663 quod
726 1608 820 1653 causa
833 1596 940 1659 solum
955 1600 1152 1685 principalis
1162 1629 1260 1674 suam

170 1663 364 1728 ineffectum
380 1673 632 1741 similitudinem
653 1684 790 1763 inducit,
809 1691 1070 1765 instrumentalis
1097 1724 1173 1770 vero
1189 1728 1262 1773 non

166 1775 259 1821 suam
287 1764 539 1835 similitudinem
558 1778 696 1858 inducit,
711 1786 767 1847 sed
791 1791 918 1855 confert
942 1798 983 1858 ad
998 1799 1262 1875 similitudinem

168 1857 362 1939 principalis
392 1867 622 1939 inducendam.
638 1878 743 1951 Quare
764 1887 797 1947 in
821 1892 997 1974 principali
1014 1901 1124 1964 solum
1140 1923 1260 1986 agente

167 1956 339 2031 praeexistit
356 1963 536 2030 formaliter
546 1974 590 2033 vel
609 1978 793 2044 eminenter
805 1988 961 2064 perfectio
975 1999 1091 2076 quaein
1099 2002 1258 2072 effectum

165 2055 417 2136 transfunditur,
434 2081 500 2126 non
517 2087 593 2133 vero
610 2073 642 2134 in
660 2077 892 2150 instrumento.

205 2150 277 2214 266.
310 2153 488 2225 Prorosmo
509 2165 549 2229 lt.
577 2169 679 2234 Causa
708 2186 886 2261 neccssaria,
899 2192 1011 2267 positis
1035 2201 1176 2266 omnibus
1204 2225 1258 2269 re-

161 2249 295 2327 qttt'st'tt's,
312 2261 434 2320 tontum
448 2280 561 2342 semper
574 2272 650 2350 opit,
667 2286 820 2353 quantum
831 2292 940 2362 potest.

178 2407 180 2410 .
205 2348 322 2412 Positis
338 2356 426 2417 euim
456 2366 610 2428 omnibus
635 2375 816 2455 requisitis,
834 2400 901 2446 non
927 2400 1033 2467 potest
1049 2414 1116 2461 non
1140 2419 1253 2483 agere.

163 2444 247 2523 Ergo
262 2451 327 2526 agit
345 2469 352 2514 :
372 2465 436 2516 tota
452 2470 539 2522 certe
565 2467 727 2534 activitate
748 2495 816 2550 sua,
835 2498 902 2544 non
932 2489 1040 2554 solum
1056 2498 1127 2574 ejus
1141 2515 1252 2581 parte,

160 2558 254 2603 secus
266 2549 353 2610 enim
370 2553 441 2630 ejus¹
453 2559 595 2624 activitas
610 2584 648 2627 ex
665 2581 755 2647 parte
767 2584 949 2645 necessaria
964 2604 1031 2652 non
1045 2607 1139 2661 esset.

204 2638 286 2702 Hinc
301 2643 437 2711 l⁰Causa
452 2659 678 2726 necessaria'et
694 2674 842 2747 proxime
853 2678 893 2762 ad
906 2688 1070 2762 agendum
1082 2699 1251 2779 expedita,

161 2754 292 2816 semper
304 2744 452 2811 ellectum
466 2754 548 2817 vires
564 2762 680 2825 activas
693 2769 918 2850 adaequantem
935 2788 1050 2851 exerit.

202 2836 235 2897 2⁰
250 2836 423 2919 Propterea
439 2866 477 2909 ex
491 2855 692 2931 perfectione
715 2867 847 2933 effectus
863 2892 1035 2965 causarum
1052 2889 1250 2971 hujusmodi

160 2935 394 3012 perlectionem
410 2948 568 3014 aestimare
586 2956 708 3024 licebit.

199 3033 233 3094 5⁰
248 3034 348 3099 Causa
364 3050 555 3126 necessaria,
566 3062 1062 3156 manenseadem,semperidem
1070 3088 1137 3168 agit
1147 3093 1247 3175 (200).

198 3136 231 3195 4ο
246 3135 328 3197 llinc
342 3145 522 3220 equalibus
541 3158 744 3234 temporibus
758 3169 900 3246 aequales
925 3184 1080 3255 producit
1095 3189 1246 3274 effectus,

158 3230 376 3311 inaequalibus
405 3242 591 3325 inaequales,
614 3257 730 3335 majori
753 3275 906 3347 ¹ternpore
933 3278 1084 3358 majores,
1117 3289 1246 3357 minori

157 3346 313 3394 minores.

198 3428 269 3492 fbf.
299 3432 476 3503 Paurosrno
491 3442 546 3506 lll.
564 3446 737 3528 Effectuum
761 3458 922 3530 divertitur
941 3490 964 3533 rt

149 3544 256 3588 aarum
271 3534 524 3613 ocultiplt'ct'tutcm
539 3552 655 3625 arcuit.

193 3629 319 3691 Etenim
336 3652 397 3694 una
413 3643 592 3722 eademque
615 3665 710 3712 causa
727 3656 875 3733 pluribus
901 3678 1008 3745 potest
1023 3676 1149 3744 viribus
1164 3692 1240 3766 pol·

151 3728 230 3803 lere,
247 3749 283 3791 ac
299 3737 439 3812 proinde
454 3740 600 3807 diversos
615 3752 747 3815 effectus
762 3761 923 3827 activitate
935 3786 993 3831 sua
1010 3777 1170 3852 prolerre.
1187 3786 1237 3852 lta

147 3844 256 3890 autem
269 3850 301 3893 se
317 3835 435 3899 babere
447 3857 558 3904 causas
575 3851 751 3930 naturales,
768 3865 915 3942 exempla
928 3885 1012 3947 pene
1028 3873 1159 3944 infinita
1174 3887 1234 3949 de-

146 3938 340 3992 monstrant.
881 3976 883 3980 ·

965 3493 1006 3537 ort
1025 3498 1141 3563 temper
1162 3509 1243 3555 cott-
