2792 4600
221 301 281 366 378
537 375 540 382 Ι
665 312 856 359 cosuotocm.

261 430 466 496 Praeteritum
483 417 549 493 non
565 436 614 493 est
628 445 783 509 praesens,
797 425 854 490 sed
867 424 930 489 fuit
943 442 1097 506 presens,
1116 424 1139 487 i.
1153 442 1182 488 e.
1198 421 1313 487 amisit

221 549 291 595 esse
308 547 463 613 praesens.

262 629 422 693 Futurum
440 627 561 708 pariter
589 642 656 689 non
679 632 728 689 cst
754 640 908 707 praesens,
925 641 986 687 nec
1001 622 1064 685 tuit
1078 639 1234 704 proesem,
1252 619 1314 685 sed

223 729 321 792 debet
333 747 403 792 esse
419 745 573 810 praesens.

264 829 411 892 Proesens
426 838 535 891 autem
550 824 631 908 quid
648 826 715 889 est?
730 826 803 889 Non
818 842 933 897 annus,
950 839 1017 886 non
1032 820 1113 897 dics,
1132 839 1198 885 non
1215 821 1315 895 hora,

225 945 292 992 non
315 944 519 1008 quaecunque
539 942 632 988 mora
647 923 820 1004 temporis,
850 940 923 1003 quae
938 940 956 984 a
972 919 1067 985 nobis
1084 920 1212 984 dicatur
1227 936 1314 1001 prae·

224 1045 310 1102 sens,
325 1039 372 1088 est
388 1042 498 1088 revera
513 1040 667 1105 praescns.
685 1022 719 1086 Si
736 1021 826 1084 euim
841 1019 1064 1084 extensionem
1081 1035 1317 1100 quamcunque

226 1124 385 1205 temporis
400 1123 534 1204 cogitas,
554 1122 631 1185 licet
645 1120 881 1192 brevissimam,
904 1121 972 1182 baec
989 1119 1153 1201 praeterito
1175 1125 1316 1193 constat,

226 1223 392 1306 presenti,
422 1241 460 1284 ac
490 1222 612 1285 futuro.
644 1222 790 1284 Praesens
819 1219 919 1301 igitur
946 1218 1076 1298 concipi
1100 1217 1226 1299 nequit,
1251 1216 1320 1279 nisi

227 1333 263 1386 ut
281 1329 438 1403 punctum
455 1319 673 1393 indivisibile,
688 1319 770 1399 quod
784 1318 830 1381 ita
843 1318 958 1399 rc'ptt‘m
973 1336 993 1379 o
1007 1315 1113 1397 futuro
1129 1317 1164 1378 itt
1176 1316 1320 1398 preteri-

228 1433 294 1485 tum
309 1422 492 1494 transuolat,
508 1419 649 1483 utnulla
662 1417 785 1479 morula
798 1417 983 1480 extendetur
998 1417 1047 1493 (t).
1104 1448 1107 1453 ·

268 1520 284 1549 *
299 1520 373 1584 582.
396 1519 468 1582 Non
480 1528 589 1582 tamen
602 1516 857 1580 indivisibilium
871 1513 1042 1578 additione
1057 1521 1319 1590 momentorum,

229 1621 286 1684 sed
319 1619 536 1682 indivisibilis
564 1617 725 1683 momenti
747 1615 837 1679 fluxu
864 1633 931 1678 non
955 1615 1139 1695 interrupto
1167 1625 1321 1677 constare

229 1731 358 1800 tempus
366 1717 586 1799 concipimus.
597 1714 882 1788 Quemadmodum
894 1712 993 1794 igitur
1006 1712 1105 1786 linea,
1119 1731 1191 1793 quae
1204 1710 1321 1793 puncti

231 1830 323 1881 motu
339 1829 524 1897 generatur,
541 1814 698 1878 continua
711 1813 874 1894 quantitas
889 1822 948 1885 est,
966 1811 1057 1873 itaet
1073 1822 1212 1892 tempus.

273 1917 358 1979 Hinc
370 1917 402 1979 1⁰
414 1913 693 1997 quemadmodum
709 1929 812 1993 quum
828 1910 915 1973 linea
931 1908 1141 1985 describitur,
1159 1918 1323 1990 punctum

161 2057 164 2064 ·
232 2028 280 2082 est
296 2014 457 2078 terminus
473 2013 568 2075 lineae
583 2011 815 2092 descriptores
831 2010 929 2073 simul
942 2008 1075 2072 initium
1089 2008 1183 2072 lineee
1195 2009 1324 2071 deseri·
1383 2037 1384 2084 3

233 2116 367 2189 bendae;
389 2115 433 2176 ita
453 2130 595 2194 praesens
611 2111 645 2173 in
661 2112 830 2174 existentia
846 2110 967 2174 fluente
986 2125 1034 2173 est
1051 2109 1126 2173 finis
1142 2110 1325 2175 existentiae
1383 2093 1384 2152 ]

234 2214 418 2298 praeteritae,
437 2229 474 2273 ac
491 2211 623 2273 initium
640 2210 757 2272 futures
771 2227 780 2285 ;
796 2208 853 2271 sed
870 2208 979 2290 prouti
993 2215 1150 2290 punctum
1168 2218 1214 2271 est
1230 2218 1322 2274 tran·

233 2315 341 2378 situsa
352 2321 442 2393 parte
455 2312 551 2373 lineae
558 2311 731 2391 descriptae
741 2309 775 2372 in
789 2321 912 2391 partem
927 2309 1176 2372 describendam
1190 2329 1326 2393 semper

236 2413 342 2476 fluens
357 2429 393 2473 ac
408 2408 588 2485 variabilis,
606 2409 649 2472 ita
665 2426 798 2489 quoque
815 2425 968 2488 praesens.

276 2512 310 2576 2⁰
332 2511 373 2574 Ut
395 2510 482 2572 linea
497 2516 603 2590 potest
619 2507 789 2571 indefinite
805 2506 921 2583 dividi,
942 2516 973 2569 et
990 2525 1196 2589 quoeunque
1210 2520 1322 2588 partes

242 2612 276 2672 in
314 2610 372 2671 iiia
400 2606 642 2689 concipiantur,
675 2607 725 2667 bae
751 2623 881 2686 semper
902 2614 978 2669 sunt
1003 2605 1121 2668 linceio
1136 2605 1325 2670 divisibiles

239 2709 391 2782 ulterius,
422 2707 470 2769 sic
495 2723 628 2787 quoqne
649 2714 778 2784 tempus
808 2703 979 2766 indefinite
1008 2703 1111 2766 dividi
1128 2713 1245 2784 potest,
1263 2704 1322 2768 sed

235 2824 440 2888 quaecunque
462 2814 569 2885 partes
591 2805 625 2866 in
649 2803 720 2884 ipso
742 2811 959 2878 assumantur,
983 2821 1113 2885 semper
1134 2805 1324 2886 tempuscula

232 2914 321 2970 sunt.

274 3007 306 3068 5⁰
329 3003 510 3083 Concipere
530 3010 622 3083 potes
639 3002 672 3063 in
689 3000 776 3063 linea
793 3001 938 3083 primum
953 3010 1050 3081 atque
1065 3000 1219 3064 ultimum
1236 3020 1325 3083 pun-

234 3114 333 3174 ctum,
356 3121 393 3164 ae
414 3110 573 3182 punctum
595 3100 816 3182 quodcunque
843 3100 989 3162 medium
1015 3101 1162 3182 signare;
1178 3102 1234 3163 sed
1253 3117 1324 3164 non

233 3202 414 3266 seeundum
444 3210 499 3262 aut
529 3199 760 3280 penultimum,
788 3216 847 3260 nec
862 3198 929 3261 duo
946 3209 1065 3279 puncta
1081 3198 1271 3262 immediate
1287 3218 1323 3262 se

234 3301 469 3380 contingentia.
483 3297 673 3380 Eodemque
685 3307 780 3379 pacto
793 3299 826 3359 in
839 3297 998 3380 temporis
1010 3297 1226 3361 continuitate
1243 3316 1324 3363 con·

232 3400 342 3481 cipere
358 3409 448 3480 potes
461 3397 604 3478 primum
617 3415 701 3477 aque
715 3397 879 3472 ultimum,
893 3396 1322 3474 indivisibilemomentum‚

234 3499 290 3561 sed
321 3516 387 3560 uon
414 3506 617 3559 momentum
641 3495 824 3558 secundum
845 3514 883 3557 ac
908 3495 1143 3576 penultimum,
1167 3505 1222 3559 aut
1253 3496 1321 3560 duo

234 3605 400 3659 momenta
415 3592 604 3657 immediate
619 3592 683 3654 sibi
700 3593 920 3656 succedentia.
1311 3654 1313 3659 ,

160 3692 162 3696 ’
273 3699 307 3759 4⁰
329 3695 362 3755 ln
380 3695 466 3755 linea
479 3692 641 3771 descripta
655 3710 730 3772 pars
742 3691 887 3754 anterior
899 3699 929 3754 et
942 3709 1016 3772 pars
1029 3691 1193 3772 posterior
1204 3692 1323 3755 dicun·

233 3807 285 3857 tur
302 3809 432 3873 semper
456 3791 604 3864 relative,
619 3808 737 3871 nempe
753 3800 902 3871 respectu
918 3790 1032 3852 habito
1051 3792 1160 3869 puncti
1179 3791 1322 3873 aiicujus

234 3893 362 3954 inlinea
372 3889 546 3969 designati.
559 3890 682 3956 Eodem
692 3890 792 3953 modo
805 3890 838 3951 in
849 3888 1102 3970 temporisduxu
1112 3891 1233 3971 quaevis
1246 3910 1322 3974 pars

262 4010 293 4063 ni
309 4006 369 4052 vtro.
384 4017 406 4052 e.
415 4006 452 4052 15.
