2792 4600
202 405 264 470 tot
658 427 830 476 ouruuocm.

240 540 313 605 597.
338 541 597 606 Pulchritudinis
620 545 796 607 essentiam
820 555 917 625 atque
939 544 1055 606 intima
1079 547 1279 611 constitutiva

103 649 112 667 ·
202 640 348 702 continet
379 642 518 704 celebris
552 643 608 704 illa
631 662 668 706 ex
691 642 826 706 Platone
849 657 880 706 et
901 642 1085 723 Augustino
1108 644 1281 710 delinitio:
1379 699 1381 710 ,

201 738 307 800 unitos
335 740 370 800 in
393 742 590 804 multitudine
604 752 630 804 et
645 743 805 817 uarietate
823 760 886 821 qua
909 742 1000 804 nulla
1025 742 1134 805 verior
1148 754 1201 805 aut
1216 746 1282 825 pul·

203 838 316 899 chrior
328 840 502 920 excogitari
518 852 633 920 potest.
646 842 872 904 Animadverte
886 842 995 917 igitur,
1010 842 1283 929 quemadmodum

203 936 286 998 ordo
302 939 450 1017 quaedam
463 948 512 1000 est
527 939 750 1002 multitudini-s
767 940 935 1019 perfectio,
951 940 993 1001 ita
1005 940 1282 1019 pulchritudinem

205 1036 308 1113 ipsius
321 1036 449 1098 ordinis
463 1037 707 1112 perlectionem,
723 1056 759 1098 ac
774 1056 848 1110 vere
862 1038 1050 1117 splendorem
1064 1058 1145 1100 esse.
1162 1038 1238 1101 Nam
1254 1048 1286 1102 et

206 1133 348 1196 materiae
366 1135 494 1196 ordinis
507 1147 537 1196 et
553 1136 621 1216 ejus
638 1135 751 1198 lormae
773 1135 897 1215 aliquid
921 1136 1022 1206 addit,
1041 1137 1127 1198 unde
1142 1137 1198 1198 ille
1214 1156 1285 1216 per·

207 1222 321 1295 le‘ctior
336 1233 442 1295 evadit
453 1244 483 1295 et
497 1234 609 1313 placet.
625 1234 725 1296 Addit
740 1236 894 1306 materian,
910 1254 982 1315 quae
995 1236 1003 1295 i
1010 1253 1065 1315 psa
1078 1236 1287 1297 multitudine

206 1333 403 1407 continetur,
430 1334 599 1394 multorum
625 1335 821 1395 varietatem:
838 1334 950 1395 formae
966 1344 1073 1396 autem
1090 1351 1162 1414 quae
1177 1335 1289 1397 distri-

207 1430 300 1489 butio
323 1440 370 1491 est
394 1432 571 1493 multorum
605 1433 783 1494 secundum
819 1432 1009 1495 relationem
1045 1433 1203 1513 aliquam,
1228 1434 1291 1497 hoo

207 1527 411 1606 superaddit,
430 1538 465 1590 ut
477 1530 651 1591 distributa
675 1530 717 1591 od
731 1531 880 1591 unitatem
895 1532 1090 1592 reducantur.
1106 1532 1180 1593 llaec
1192 1549 1292 1611 porro

207 1625 357 1689 reductio
379 1629 417 1689 ad
443 1630 598 1691 unitatem
622 1632 773 1692 varietate
803 1640 936 1702 servata,
970 1632 1099 1711 pulchri
1130 1632 1236 1695 torma
1259 1650 1297 1694 ac

138 1738 139 1741 ’
196 1727 320 1805 'regula
335 1738 394 1791 est.

250 1840 322 1905 598.
347 1842 497 1907 lntinitus
524 1847 576 1908 hic
602 1856 724 1927 pateret
740 1863 884 1926 campus,
903 1846 928 1904 si
946 1845 1020 1925 quis
1041 1844 1147 1906 varias
1163 1844 1300 1924 pulchri

210 1942 334 2019 species
357 1945 530 2025 acmodos
553 1963 610 2025 per
632 1946 735 2008 otium
758 1963 948 2025 percurrere
971 1944 1079 2005 vellet.
1102 1942 1168 2005 Sed
1192 1945 1303 2007 otium
1380 1967 1388 2034 p

210 2056 275 2101 non
293 2042 437 2121 suppetit
451 2044 490 2103 ad
506 2043 603 2104 flores
620 2044 774 2123 legendos
793 2061 801 2102 ι
819 2044 894 2103 satis
912 2044 984 2116 erit,
1016 2041 1041 2102 si
1074 2046 1184 2121 ipsum
1202 2041 1302 2122 quasi

209 2153 342 2199 succum
359 2159 397 2200 ex
414 2141 463 2202 his
480 2141 711 2221 depromptum
728 2141 929 2202 brevissimis
945 2139 1173 2202 exhibeamus.

251 2251 362 2318 Primo
380 2257 412 2317 in
431 2259 528 2320 rebus
540 2258 755 2321 sensibilibus
772 2257 919 2321 reductio
944 2257 983 2318 ad
1000 2257 1161 2320 unitatem
1179 2256 1217 2319 fit
1232 2265 1309 2320 tum

208 2352 405 2433 dispositione
418 2360 608 2436 symmetricc
624 2359 849 2439 inaequaiiurn,
877 2368 944 2421 tum
966 2358 1160 2437 coaptatione
1176 2358 1315 2418 harmo-

210 2453 283 2514 nico
301 2454 525 2518 dissimilium.
556 2457 732 2536 Dispositio
755 2456 959 2537 symmetrica
983 2457 1025 2517 ita
1049 2456 1236 2536 inaequalia
1261 2454 1315 2516 di·

111 2598 118 2607 .
211 2553 356 2629 stribuit,
371 2563 407 2615 ut
421 2573 458 2616 cx
475 2557 516 2617 iis
539 2574 640 2617 unum
657 2565 760 2618 totum
777 2565 924 2635 exsurgat
940 2554 1032 2616 binas
1050 2555 1180 2616 habens
1201 2566 1320 2632 partes

211 2653 363 2731 aequales
381 2655 438 2714 sed
452 2654 631 2734 oppositas.
646 2654 824 2717 Considera
837 2673 866 2715 v.
876 2670 924 2732 gr.
936 2653 1102 2722 animalia,
1115 2653 1319 2732 praesertim·

212 2750 417 2829 perfectiora,
435 2760 466 2812 et
480 2752 706 2814 architecturae
721 2770 833 2831 opera.
851 2751 1019 2831 coaptatio
1046 2751 1254 2813 harmonica
1274 2751 1323 2811 ita
1387 2758 1388 2829 ᾗ

213 2848 387 2910 dissimilia
411 2850 525 2925 sociat,
543 2859 578 2913 ut
593 2868 630 2912 ea
645 2869 680 2911 se
707 2861 821 2913 mutuo
852 2857 1034 2930 temperent
1050 2860 1079 2910 et
1095 2849 1319 2928 compleant.
1387 2888 1388 2897 κ

212 2947 298 3009 Talis
314 2959 362 3011 est
376 2969 405 3012 v.
422 2967 471 3030 gr.
499 2950 643 3012 musicus
671 2959 861 3025 concentus,
891 2959 922 3011 et
944 2950 1108 3011 variorum
1128 2948 1168 3009 in
1189 2949 1327 3011 tabulis

212 3047 400 3111 distributio
415 3051 577 3112 colorum.
624 3066 627 3071 ·

254 3165 326 3227 599.
342 3166 423 3229 Nota
440 3167 470 3228 1θ
482 3168 572 3231 lunc
586 3168 726 3229 maxime
739 3166 913 3247 pulchrum
930 3164 1056 3235 haberi,
1071 3182 1189 3243 quum
1208 3176 1243 3225 et
1258 3165 1332 3226 dis·

108 3292 109 3296 ¹
214 3266 334 3345 positio
348 3266 555 3345 symmetrica
570 3278 600 3327 et
615 3271 779 3344 coaptatio
796 3263 985 3326 harmonica
1009 3263 1200 3351 inaequalia
1218 3263 1333 3324 simul

214 3374 245 3426 et
261 3365 435 3426 dissimilia
447 3365 628 3446 coniungit.

255 3467 289 3542 2⁰
313 3480 568 3561 Dispositiouem
594 3478 835 3561 symmetricam
850 3495 920 3539 csse
936 3476 1194 3559 propemodum
1213 3478 1340 3540 basim

214 3598 251 3642 ac
274 3579 522 3640 fundamentum
548 3579 689 3658 physicae
714 3575 972 3657 pulchritudinis
997 3575 1029 3634 in
1047 3574 1088 3634 iis
1104 3593 1196 3654 quae
1214 3577 1343 3637 visum

216 3676 372 3752 afficiunt,
390 3694 456 3738 non
473 3678 550 3737 item
565 3680 597 3737 in
613 3675 653 3736 iis
669 3693 742 3755 quae
757 3674 920 3737 auditum.
938 3673 1071 3734 Colores
1087 3673 1197 3734 enim
1212 3683 1347 3737 exten-

216 3775 342 3838 sionem
356 3776 525 3838 l'ormatcm
542 3774 675 3849 habent,
693 3791 758 3835 non
774 3775 851 3833 item
868 3772 955 3833 soni..

257 3892 288 3954 5ο
311 3894 346 3956 ln
363 3889 580 3968 dispositione
605 3887 811 3965 symmetrica
826 3885 965 3966 pulchra
980 3884 1053 3947 duae
1068 3895 1160 3948 sunt
1179 3905 1355 3969 semper,

217 4000 252 4054 ut
268 3991 422 4061 diximus,
442 3999 547 4065 partes
569 3987 709 4065 oequales
724 3996 755 4046 et
771 3985 941 4065 opposite.
960 3984 1014 4044 llae
1028 3993 1150 4044 tamen
1172 3987 1358 4065 quando-

218 4106 282 4168 que
313 4085 500 4147 immediate
529 4086 706 4157 cobaerent,
730 4092 766 4145 ut
780 4101 810 4144 v.
827 4100 876 4162 gr.
895 4084 928 4143 in
943 4080 1185 4162 quarumdam
1204 4086 1362 4164 planta·
