<?xml version="1.0" encoding="UTF-8"?>
<!DOCTYPE html PUBLIC "-//W3C//DTD XHTML 1.0 Transitional//EN"
    "http://www.w3.org/TR/xhtml1/DTD/xhtml1-transitional.dtd">
<html xmlns="http://www.w3.org/1999/xhtml" xml:lang="en" lang="en">
 <head>
  <title>
</title>
<meta http-equiv="Content-Type" content="text/html;charset=utf-8" />
  <meta name='ocr-system' content='tesseract 3.04.00' />
  <meta name='ocr-capabilities' content='ocr_page ocr_carea ocr_par ocr_line ocrx_word'/>
</head>
<body>
  <div class='ocr_page' id='page_1' title='image "./institutionesph01tonggoog_0424.png"; bbox 0 0 2792 4600; ppageno 0'>
   <div class='ocr_carea' id='block_1_1' title="bbox 175 369 1277 579">
    <p class='ocr_par' dir='ltr' id='par_1_1' title="bbox 175 369 1277 579">
     <span class='ocr_line' id='line_1_1' title="bbox 175 369 913 474; baseline -0.014 -23"><span class='ocrx_word' id='word_1_1' title='bbox 175 384 249 451; x_wconf 79' lang='lat' dir='ltr'><strong>-lld</strong></span> <span class='ocrx_word' id='word_1_2' title='bbox 479 467 482 474; x_wconf 24' lang='grc' dir='ltr'>Ι</span> <span class='ocrx_word' id='word_1_3' title='bbox 633 396 824 445; x_wconf 80' lang='lat' dir='ltr'><strong>oosuoaoon.</strong></span> <span class='ocrx_word' id='word_1_4' title='bbox 903 369 913 381; x_wconf 89' lang='lat'>&#39;</span> 
     </span>
     <span class='ocr_line' id='line_1_2' title="bbox 231 507 1277 579; baseline -0.009 0"><span class='ocrx_word' id='word_1_5' title='bbox 231 517 263 578; x_wconf 76' lang='grc' dir='ltr'><strong>1ο</strong></span> <span class='ocrx_word' id='word_1_6' title='bbox 284 517 405 579; x_wconf 85' lang='lat' dir='ltr'><strong>Fluunt</strong></span> <span class='ocrx_word' id='word_1_7' title='bbox 428 515 468 577; x_wconf 88' lang='lat' dir='ltr'><strong>ab</strong></span> <span class='ocrx_word' id='word_1_8' title='bbox 484 514 634 577; x_wconf 81' lang='lat' dir='ltr'><strong>essentiis</strong></span> <span class='ocrx_word' id='word_1_9' title='bbox 657 530 780 576; x_wconf 89' lang='lat' dir='ltr'><strong>rerum.</strong></span> <span class='ocrx_word' id='word_1_10' title='bbox 811 509 866 573; x_wconf 83' lang='lat' dir='ltr'><strong>llae</strong></span> <span class='ocrx_word' id='word_1_11' title='bbox 888 517 996 573; x_wconf 89' lang='lat' dir='ltr'><strong>autem</strong></span> <span class='ocrx_word' id='word_1_12' title='bbox 1026 516 1103 572; x_wconf 89' lang='lat' dir='ltr'><strong>sunt</strong></span> <span class='ocrx_word' id='word_1_13' title='bbox 1127 507 1277 572; x_wconf 87' lang='lat' dir='ltr'><strong>absolute</strong></span> 
     </span>
    </p>
   </div>
   <div class='ocr_carea' id='block_1_2' title="bbox 142 615 909 809">
    <p class='ocr_par' dir='ltr' id='par_1_2' title="bbox 142 615 909 809">
     <span class='ocr_line' id='line_1_3' title="bbox 188 615 424 679; baseline 0.017 -4"><span class='ocrx_word' id='word_1_14' title='bbox 188 615 424 679; x_wconf 80' lang='lat' dir='ltr'><strong>immutabiles.</strong></span> 
     </span>
     <span class='ocr_line' id='line_1_4' title="bbox 142 726 909 809; baseline -0.007 -18"><span class='ocrx_word' id='word_1_15' title='bbox 142 779 144 784; x_wconf 87' lang='lat'><em>.</em></span> <span class='ocrx_word' id='word_1_16' title='bbox 229 728 263 791; x_wconf 72' lang='lat'><strong>2⁰</strong></span> <span class='ocrx_word' id='word_1_17' title='bbox 279 730 364 793; x_wconf 87' lang='lat' dir='ltr'><strong>Deus</strong></span> <span class='ocrx_word' id='word_1_18' title='bbox 386 741 500 794; x_wconf 86' lang='lat' dir='ltr'><strong>contra</strong></span> <span class='ocrx_word' id='word_1_19' title='bbox 511 738 660 791; x_wconf 89' lang='lat' dir='ltr'><strong>naturam</strong></span> <span class='ocrx_word' id='word_1_20' title='bbox 674 744 767 809; x_wconf 77' lang='lat' dir='ltr'><strong>agore</strong></span> <span class='ocrx_word' id='word_1_21' title='bbox 782 726 909 807; x_wconf 90' lang='lat' dir='ltr'><strong>nequit.</strong></span> 
     </span>
    </p>
   </div>
   <div class='ocr_carea' id='block_1_3' title="bbox 180 838 1368 1635">
    <p class='ocr_par' dir='ltr' id='par_1_3' title="bbox 181 817 1368 1023">
     <span class='ocr_line' id='line_1_5' title="bbox 229 838 1278 925; baseline -0.006 -19"><span class='ocrx_word' id='word_1_22' title='bbox 229 843 416 925; x_wconf 65' lang='lat' dir='ltr'><strong>arnegisus</strong></span> <span class='ocrx_word' id='word_1_23' title='bbox 431 845 611 908; x_wconf 80' lang='lat' dir='ltr'><strong>honestatis</strong></span> <span class='ocrx_word' id='word_1_24' title='bbox 634 860 741 923; x_wconf 90' lang='lat' dir='ltr'><strong>neque</strong></span> <span class='ocrx_word' id='word_1_25' title='bbox 762 859 780 903; x_wconf 92' lang='lat' dir='ltr'><strong>a</strong></span> <span class='ocrx_word' id='word_1_26' title='bbox 802 843 868 905; x_wconf 84' lang='lat' dir='ltr'><strong>lieo</strong></span> <span class='ocrx_word' id='word_1_27' title='bbox 888 838 1037 920; x_wconf 78' lang='lat' dir='ltr'><strong>derogari</strong></span> <span class='ocrx_word' id='word_1_28' title='bbox 1050 845 1166 920; x_wconf 87' lang='lat' dir='ltr'><strong>potest.</strong></span> <span class='ocrx_word' id='word_1_29' title='bbox 1191 839 1278 919; x_wconf 80' lang='lat' dir='ltr'><strong>Ergo</strong></span> 
     </span>
     <span class='ocr_line' id='line_1_6' title="bbox 181 944 301 1023; baseline 0.025 -20"><span class='ocrx_word' id='word_1_30' title='bbox 181 960 204 1003; x_wconf 82' lang='lat' dir='ltr'><strong>-a</strong></span> <span class='ocrx_word' id='word_1_31' title='bbox 219 944 301 1023; x_wconf 90' lang='lat' dir='ltr'><strong>pari.</strong></span> 
     </span>
    </p>

    <p class='ocr_par' dir='ltr' id='par_1_4' title="bbox 216 1058 1368 1140">
     <span class='ocr_line' id='line_1_7' title="bbox 216 1058 1368 1140; baseline -0.008 -20"><span class='ocrx_word' id='word_1_32' title='bbox 216 1058 298 1123; x_wconf 73' lang='lat' dir='ltr'><strong>toa.</strong></span> <span class='ocrx_word' id='word_1_33' title='bbox 312 1059 410 1140; x_wconf 84' lang='lat' dir='ltr'><strong>Resp.</strong></span> <span class='ocrx_word' id='word_1_34' title='bbox 425 1058 503 1140; x_wconf 75' lang='lat' dir='ltr'><strong>Nep.</strong></span> <span class='ocrx_word' id='word_1_35' title='bbox 519 1065 587 1118; x_wconf 83' lang='lat' dir='ltr'><strong>ant.</strong></span> <span class='ocrx_word' id='word_1_36' title='bbox 1367 1111 1368 1140; x_wconf 32' lang='lat'>2</span> 
     </span>
    </p>

    <p class='ocr_par' dir='ltr' id='par_1_5' title="bbox 180 1147 1368 1535">
     <span class='ocr_line' id='line_1_8' title="bbox 224 1151 1271 1241; baseline -0.007 -21"><span class='ocrx_word' id='word_1_37' title='bbox 224 1160 273 1220; x_wconf 82' lang='lat' dir='ltr'><strong>Ad</strong></span> <span class='ocrx_word' id='word_1_38' title='bbox 291 1160 329 1219; x_wconf 77' lang='lat' dir='ltr'><strong>lm</strong></span> <span class='ocrx_word' id='word_1_39' title='bbox 343 1158 440 1241; x_wconf 89' lang='lat' dir='ltr'><strong>Resp.</strong></span> <span class='ocrx_word' id='word_1_40' title='bbox 459 1160 491 1222; x_wconf 92' lang='lat' dir='ltr'><strong>l⁰</strong></span> <span class='ocrx_word' id='word_1_41' title='bbox 507 1157 583 1220; x_wconf 81' lang='lat' dir='ltr'><strong>bist.</strong></span> <span class='ocrx_word' id='word_1_42' title='bbox 599 1158 673 1233; x_wconf 75' lang='lat' dir='ltr'><strong>mai.</strong></span> <span class='ocrx_word' id='word_1_43' title='bbox 691 1154 790 1235; x_wconf 78' lang='lat' dir='ltr'><strong>Leges</strong></span> <span class='ocrx_word' id='word_1_44' title='bbox 806 1162 930 1216; x_wconf 82' lang='lat' dir='ltr'><strong>naturae</strong></span> <span class='ocrx_word' id='word_1_45' title='bbox 945 1151 1051 1214; x_wconf 91' lang='lat' dir='ltr'><strong>lluunt</strong></span> <span class='ocrx_word' id='word_1_46' title='bbox 1063 1151 1104 1213; x_wconf 90' lang='lat' dir='ltr'><strong>ab</strong></span> <span class='ocrx_word' id='word_1_47' title='bbox 1119 1151 1271 1214; x_wconf 87' lang='lat' dir='ltr'><strong>essentiis</strong></span> 
     </span>
     <span class='ocr_line' id='line_1_9' title="bbox 182 1249 1368 1338; baseline -0.008 -18"><span class='ocrx_word' id='word_1_48' title='bbox 182 1275 294 1320; x_wconf 89' lang='lat' dir='ltr'><strong>rerum</strong></span> <span class='ocrx_word' id='word_1_49' title='bbox 309 1258 470 1332; x_wconf 90' lang='lat' dir='ltr'><strong>absolute,</strong></span> <span class='ocrx_word' id='word_1_50' title='bbox 486 1275 580 1338; x_wconf 81' lang='lat' dir='ltr'><strong>nep.,·</strong></span> <span class='ocrx_word' id='word_1_51' title='bbox 598 1254 713 1337; x_wconf 88' lang='lat' dir='ltr'><strong>positis</strong></span> <span class='ocrx_word' id='word_1_52' title='bbox 732 1251 979 1317; x_wconf 84' lang='lat' dir='ltr'><strong>conditionibus</strong></span> <span class='ocrx_word' id='word_1_53' title='bbox 991 1249 1272 1332; x_wconf 77' lang='lat' dir='ltr'><strong>contingentibus,</strong></span> <span class='ocrx_word' id='word_1_54' title='bbox 1367 1265 1368 1268; x_wconf 69' lang='grc'>’</span> 
     </span>
     <span class='ocr_line' id='line_1_10' title="bbox 180 1350 1368 1435; baseline -0.008 -16"><span class='ocrx_word' id='word_1_55' title='bbox 180 1376 269 1419; x_wconf 82' lang='lat' dir='ltr'><strong>eane.</strong></span> <span class='ocrx_word' id='word_1_56' title='bbox 287 1356 383 1435; x_wconf 78' lang='grc'><strong>(116).</strong></span> <span class='ocrx_word' id='word_1_57' title='bbox 399 1359 469 1421; x_wconf 87' lang='lat' dir='ltr'><strong>lloe</strong></span> <span class='ocrx_word' id='word_1_58' title='bbox 483 1365 590 1419; x_wconf 89' lang='lat' dir='ltr'><strong>autem</strong></span> <span class='ocrx_word' id='word_1_59' title='bbox 607 1353 726 1417; x_wconf 85' lang='lat' dir='ltr'><strong>suffieit</strong></span> <span class='ocrx_word' id='word_1_60' title='bbox 742 1363 777 1417; x_wconf 90' lang='lat' dir='ltr'><strong>ut</strong></span> <span class='ocrx_word' id='word_1_61' title='bbox 803 1350 1048 1432; x_wconf 78' lang='lat' dir='ltr'><strong>derogationem</strong></span> <span class='ocrx_word' id='word_1_62' title='bbox 1064 1352 1130 1431; x_wconf 84' lang='lat' dir='ltr'><strong>pati</strong></span> <span class='ocrx_word' id='word_1_63' title='bbox 1148 1350 1277 1432; x_wconf 87' lang='lat' dir='ltr'><strong>possint</strong></span> <span class='ocrx_word' id='word_1_64' title='bbox 1367 1415 1368 1426; x_wconf 27' lang='lat'>2</span> 
     </span>
     <span class='ocr_line' id='line_1_11' title="bbox 181 1456 876 1535; baseline -0.007 0"><span class='ocrx_word' id='word_1_65' title='bbox 181 1456 267 1535; x_wconf 67' lang='grc'><strong>(4541</strong></span> <span class='ocrx_word' id='word_1_66' title='bbox 286 1460 340 1534; x_wconf 75' lang='lat'><strong>1⁸).</strong></span> <span class='ocrx_word' id='word_1_67' title='bbox 873 1475 876 1480; x_wconf 56' lang='grc'><strong><em>’</em></strong></span> 
     </span>
    </p>

    <p class='ocr_par' dir='ltr' id='par_1_6' title="bbox 224 1545 1368 1635">
     <span class='ocr_line' id='line_1_12' title="bbox 224 1545 1368 1635; baseline -0.003 -21"><span class='ocrx_word' id='word_1_68' title='bbox 224 1553 382 1616; x_wconf 84' lang='lat' dir='ltr'><strong>Praeterea</strong></span> <span class='ocrx_word' id='word_1_69' title='bbox 408 1571 493 1635; x_wconf 87' lang='lat' dir='ltr'><strong>resp.</strong></span> <span class='ocrx_word' id='word_1_70' title='bbox 522 1555 555 1617; x_wconf 71' lang='lat'><strong>2⁰</strong></span> <span class='ocrx_word' id='word_1_71' title='bbox 572 1552 695 1618; x_wconf 82' lang='lat' dir='ltr'><strong>Omissa</strong></span> <span class='ocrx_word' id='word_1_72' title='bbox 709 1551 784 1634; x_wconf 66' lang='lat' dir='ltr'><strong>naal.</strong></span> <span class='ocrx_word' id='word_1_73' title='bbox 801 1551 872 1624; x_wconf 78' lang='lat' dir='ltr'><strong>dist.</strong></span> <span class='ocrx_word' id='word_1_74' title='bbox 889 1551 966 1612; x_wconf 82' lang='lat' dir='ltr'><strong>ntia.</strong></span> <span class='ocrx_word' id='word_1_75' title='bbox 993 1548 1149 1612; x_wconf 81' lang='lat' dir='ltr'><strong>Essentiae</strong></span> <span class='ocrx_word' id='word_1_76' title='bbox 1161 1567 1274 1612; x_wconf 86' lang='lat' dir='ltr'><strong>rerum</strong></span> <span class='ocrx_word' id='word_1_77' title='bbox 1367 1545 1368 1548; x_wconf 67' lang='grc'>’</span> 
     </span>
    </p>
   </div>
   <div class='ocr_carea' id='block_1_4' title="bbox 179 1648 1368 1732">
    <p class='ocr_par' dir='ltr' id='par_1_7' title="bbox 179 1648 1368 1732">
     <span class='ocr_line' id='line_1_13' title="bbox 179 1648 1368 1732; baseline -0.002 -19"><span class='ocrx_word' id='word_1_78' title='bbox 179 1663 257 1714; x_wconf 91' lang='lat' dir='ltr'><strong>sunt</strong></span> <span class='ocrx_word' id='word_1_79' title='bbox 275 1652 497 1715; x_wconf 86' lang='lat' dir='ltr'><strong>immutabiles</strong></span> <span class='ocrx_word' id='word_1_80' title='bbox 514 1654 548 1715; x_wconf 93' lang='lat' dir='ltr'><strong>in</strong></span> <span class='ocrx_word' id='word_1_81' title='bbox 564 1671 597 1714; x_wconf 92' lang='lat' dir='ltr'><strong>se</strong></span> <span class='ocrx_word' id='word_1_82' title='bbox 613 1661 645 1715; x_wconf 92' lang='lat' dir='ltr'><strong>et</strong></span> <span class='ocrx_word' id='word_1_83' title='bbox 662 1654 694 1715; x_wconf 89' lang='lat' dir='ltr'><strong>in</strong></span> <span class='ocrx_word' id='word_1_84' title='bbox 723 1651 996 1714; x_wconf 87' lang='lat' dir='ltr'><strong>determinatione</strong></span> <span class='ocrx_word' id='word_1_85' title='bbox 1019 1648 1058 1709; x_wconf 87' lang='lat' dir='ltr'><strong>ad</strong></span> <span class='ocrx_word' id='word_1_86' title='bbox 1074 1659 1179 1712; x_wconf 81' lang='lat' dir='ltr'><strong>certos</strong></span> <span class='ocrx_word' id='word_1_87' title='bbox 1194 1650 1274 1711; x_wconf 81' lang='lat' dir='ltr'><strong>effe·</strong></span> <span class='ocrx_word' id='word_1_88' title='bbox 1366 1659 1368 1732; x_wconf 67' lang='lat' dir='ltr'>j</span> 
     </span>
    </p>
   </div>
   <div class='ocr_carea' id='block_1_5' title="bbox 172 1748 1368 2646">
    <p class='ocr_par' dir='ltr' id='par_1_8' title="bbox 172 1748 1368 2646">
     <span class='ocr_line' id='line_1_14' title="bbox 178 1748 1368 1842; baseline -0.003 -28"><span class='ocrx_word' id='word_1_89' title='bbox 178 1765 263 1842; x_wconf 83' lang='lat' dir='ltr'><strong>atus,</strong></span> <span class='ocrx_word' id='word_1_90' title='bbox 280 1763 341 1828; x_wconf 88' lang='lat' dir='ltr'><strong>tr.;</strong></span> <span class='ocrx_word' id='word_1_91' title='bbox 366 1754 410 1815; x_wconf 91' lang='lat' dir='ltr'><strong>ita</strong></span> <span class='ocrx_word' id='word_1_92' title='bbox 426 1763 461 1816; x_wconf 92' lang='lat' dir='ltr'><strong>ut</strong></span> <span class='ocrx_word' id='word_1_93' title='bbox 476 1753 608 1816; x_wconf 85' lang='lat' dir='ltr'><strong>effeetus</strong></span> <span class='ocrx_word' id='word_1_94' title='bbox 631 1770 744 1815; x_wconf 90' lang='lat' dir='ltr'><strong>earum</strong></span> <span class='ocrx_word' id='word_1_95' title='bbox 766 1750 922 1832; x_wconf 86' lang='lat' dir='ltr'><strong>impediri</strong></span> <span class='ocrx_word' id='word_1_96' title='bbox 939 1766 1004 1812; x_wconf 94' lang='lat' dir='ltr'><strong>non</strong></span> <span class='ocrx_word' id='word_1_97' title='bbox 1021 1748 1157 1828; x_wconf 86' lang='lat' dir='ltr'><strong>possint,</strong></span> <span class='ocrx_word' id='word_1_98' title='bbox 1180 1766 1270 1831; x_wconf 79' lang='lat' dir='ltr'><strong>arpo.</strong></span> <span class='ocrx_word' id='word_1_99' title='bbox 1367 1763 1368 1834; x_wconf 28' lang='grc' dir='ltr'><strong>ᾗ</strong></span> 
     </span>
     <span class='ocr_line' id='line_1_15' title="bbox 178 1841 1368 1935; baseline -0.002 -20"><span class='ocrx_word' id='word_1_100' title='bbox 178 1856 262 1917; x_wconf 87' lang='lat' dir='ltr'><strong>vide</strong></span> <span class='ocrx_word' id='word_1_101' title='bbox 277 1856 429 1935; x_wconf 88' lang='lat' dir='ltr'><strong>superius</strong></span> <span class='ocrx_word' id='word_1_102' title='bbox 446 1857 534 1917; x_wconf 87' lang='lat' dir='ltr'><strong>diota</strong></span> <span class='ocrx_word' id='word_1_103' title='bbox 546 1852 629 1931; x_wconf 74' lang='lat' dir='ltr'><strong>(toa,</strong></span> <span class='ocrx_word' id='word_1_104' title='bbox 646 1853 702 1931; x_wconf 67' lang='lat'><strong>2⁰).</strong></span> <span class='ocrx_word' id='word_1_105' title='bbox 1367 1841 1368 1882; x_wconf 70' lang='lat'><em>³</em></span> 
     </span>
     <span class='ocr_line' id='line_1_16' title="bbox 220 1952 1368 2032; baseline -0.003 -17"><span class='ocrx_word' id='word_1_106' title='bbox 220 1952 306 2015; x_wconf 81' lang='lat' dir='ltr'><strong>liius</strong></span> <span class='ocrx_word' id='word_1_107' title='bbox 320 1972 389 2032; x_wconf 63' lang='lat' dir='ltr'><strong>nep,</strong></span> <span class='ocrx_word' id='word_1_108' title='bbox 405 1954 664 2032; x_wconf 81' lang='lat' dir='ltr'><strong>consequentiam.</strong></span> <span class='ocrx_word' id='word_1_109' title='bbox 1367 2023 1368 2028; x_wconf 8' lang='grc' dir='ltr'>γ</span> 
     </span>
     <span class='ocr_line' id='line_1_17' title="bbox 219 2059 1368 2147; baseline -0.007 -14"><span class='ocrx_word' id='word_1_110' title='bbox 219 2069 292 2134; x_wconf 77' lang='lat'><strong>465.</strong></span> <span class='ocrx_word' id='word_1_111' title='bbox 310 2070 358 2132; x_wconf 83' lang='lat' dir='ltr'><strong>Ad</strong></span> <span class='ocrx_word' id='word_1_112' title='bbox 373 2069 414 2132; x_wconf 64' lang='lat' dir='ltr'><strong>im</strong></span> <span class='ocrx_word' id='word_1_113' title='bbox 431 2070 508 2132; x_wconf 81' lang='lat' dir='ltr'><strong>Dist.</strong></span> <span class='ocrx_word' id='word_1_114' title='bbox 527 2068 611 2131; x_wconf 85' lang='lat' dir='ltr'><strong>lleus</strong></span> <span class='ocrx_word' id='word_1_115' title='bbox 626 2086 722 2147; x_wconf 81' lang='lat' dir='ltr'><strong>agere</strong></span> <span class='ocrx_word' id='word_1_116' title='bbox 745 2066 860 2146; x_wconf 90' lang='lat' dir='ltr'><strong>nequit</strong></span> <span class='ocrx_word' id='word_1_117' title='bbox 879 2074 992 2127; x_wconf 85' lang='lat' dir='ltr'><strong>eontra</strong></span> <span class='ocrx_word' id='word_1_118' title='bbox 1016 2072 1177 2137; x_wconf 88' lang='lat' dir='ltr'><strong>naturam,</strong></span> <span class='ocrx_word' id='word_1_119' title='bbox 1194 2062 1217 2125; x_wconf 92' lang='lat' dir='ltr'><strong>i.</strong></span> <span class='ocrx_word' id='word_1_120' title='bbox 1235 2084 1265 2126; x_wconf 82' lang='lat' dir='ltr'><strong>e.</strong></span> <span class='ocrx_word' id='word_1_121' title='bbox 1367 2059 1368 2062; x_wconf 67' lang='grc'>’</span> 
     </span>
     <span class='ocr_line' id='line_1_18' title="bbox 176 2163 1267 2251; baseline -0.007 -18"><span class='ocrx_word' id='word_1_122' title='bbox 176 2179 291 2233; x_wconf 85' lang='lat' dir='ltr'><strong>contra</strong></span> <span class='ocrx_word' id='word_1_123' title='bbox 308 2170 394 2251; x_wconf 90' lang='lat' dir='ltr'><strong>ipsas</strong></span> <span class='ocrx_word' id='word_1_124' title='bbox 409 2187 519 2231; x_wconf 90' lang='lat' dir='ltr'><strong>rerum</strong></span> <span class='ocrx_word' id='word_1_125' title='bbox 536 2168 704 2242; x_wconf 87' lang='lat' dir='ltr'><strong>essentias,</strong></span> <span class='ocrx_word' id='word_1_126' title='bbox 722 2176 753 2229; x_wconf 89' lang='lat' dir='ltr'><strong>et</strong></span> <span class='ocrx_word' id='word_1_127' title='bbox 774 2163 1025 2246; x_wconf 87' lang='lat' dir='ltr'><strong>possibilitatem</strong></span> <span class='ocrx_word' id='word_1_128' title='bbox 1042 2163 1267 2239; x_wconf 86' lang='lat' dir='ltr'><strong>intrinsecam,</strong></span> 
     </span>
     <span class='ocr_line' id='line_1_19' title="bbox 177 2254 1183 2348; baseline -0.008 -15"><span class='ocrx_word' id='word_1_129' title='bbox 177 2287 280 2348; x_wconf 71' lang='lat' dir='ltr'><strong>aona,</strong></span> <span class='ocrx_word' id='word_1_130' title='bbox 296 2280 409 2333; x_wconf 87' lang='lat' dir='ltr'><strong>contra</strong></span> <span class='ocrx_word' id='word_1_131' title='bbox 421 2268 572 2331; x_wconf 88' lang='lat' dir='ltr'><strong>ordinem</strong></span> <span class='ocrx_word' id='word_1_132' title='bbox 588 2286 652 2330; x_wconf 91' lang='lat' dir='ltr'><strong>ase</strong></span> <span class='ocrx_word' id='word_1_133' title='bbox 664 2266 803 2329; x_wconf 89' lang='lat' dir='ltr'><strong>inditum</strong></span> <span class='ocrx_word' id='word_1_134' title='bbox 821 2273 944 2328; x_wconf 80' lang='lat' dir='ltr'><strong>naturae</strong></span> <span class='ocrx_word' id='word_1_135' title='bbox 959 2254 1085 2338; x_wconf 86' lang='lat' dir='ltr'><strong>ereatae,</strong></span> <span class='ocrx_word' id='word_1_136' title='bbox 1096 2282 1183 2346; x_wconf 81' lang='lat' dir='ltr'><strong>nepo.</strong></span> 
     </span>
     <span class='ocr_line' id='line_1_20' title="bbox 218 2368 1267 2449; baseline 0.001 -19"><span class='ocrx_word' id='word_1_137' title='bbox 218 2369 403 2432; x_wconf 88' lang='lat' dir='ltr'><strong>Notandum</strong></span> <span class='ocrx_word' id='word_1_138' title='bbox 419 2388 496 2434; x_wconf 87' lang='lat' dir='ltr'><strong>vero</strong></span> <span class='ocrx_word' id='word_1_139' title='bbox 511 2378 569 2443; x_wconf 88' lang='lat' dir='ltr'><strong>est,</strong></span> <span class='ocrx_word' id='word_1_140' title='bbox 588 2369 689 2430; x_wconf 84' lang='lat' dir='ltr'><strong>Deum</strong></span> <span class='ocrx_word' id='word_1_141' title='bbox 704 2368 837 2449; x_wconf 88' lang='lat' dir='ltr'><strong>proprie</strong></span> <span class='ocrx_word' id='word_1_142' title='bbox 853 2385 918 2430; x_wconf 91' lang='lat' dir='ltr'><strong>non</strong></span> <span class='ocrx_word' id='word_1_143' title='bbox 933 2384 1028 2447; x_wconf 82' lang='lat' dir='ltr'><strong>agere</strong></span> <span class='ocrx_word' id='word_1_144' title='bbox 1043 2378 1155 2430; x_wconf 87' lang='lat' dir='ltr'><strong>eontra</strong></span> <span class='ocrx_word' id='word_1_145' title='bbox 1170 2375 1267 2431; x_wconf 89' lang='lat' dir='ltr'><strong>natu·</strong></span> 
     </span>
     <span class='ocr_line' id='line_1_21' title="bbox 174 2465 1266 2547; baseline 0 -18"><span class='ocrx_word' id='word_1_146' title='bbox 174 2484 258 2540; x_wconf 89' lang='lat' dir='ltr'><strong>ram,</strong></span> <span class='ocrx_word' id='word_1_147' title='bbox 269 2468 437 2547; x_wconf 88' lang='lat' dir='ltr'><strong>siquando</strong></span> <span class='ocrx_word' id='word_1_148' title='bbox 449 2478 561 2529; x_wconf 87' lang='lat' dir='ltr'><strong>eontra</strong></span> <span class='ocrx_word' id='word_1_149' title='bbox 574 2465 727 2529; x_wconf 90' lang='lat' dir='ltr'><strong>ordinem</strong></span> <span class='ocrx_word' id='word_1_150' title='bbox 740 2465 838 2528; x_wconf 89' lang='lat' dir='ltr'><strong>rebus</strong></span> <span class='ocrx_word' id='word_1_151' title='bbox 849 2465 992 2528; x_wconf 91' lang='lat' dir='ltr'><strong>inditum</strong></span> <span class='ocrx_word' id='word_1_152' title='bbox 1009 2474 1173 2544; x_wconf 88' lang='lat' dir='ltr'><strong>operatur.</strong></span> <span class='ocrx_word' id='word_1_153' title='bbox 1184 2466 1266 2531; x_wconf 88' lang='lat' dir='ltr'><strong>Nam</strong></span> 
     </span>
     <span class='ocr_line' id='line_1_22' title="bbox 172 2564 1265 2646; baseline 0 -17"><span class='ocrx_word' id='word_1_154' title='bbox 172 2583 244 2629; x_wconf 84' lang='lat' dir='ltr'><strong>non</strong></span> <span class='ocrx_word' id='word_1_155' title='bbox 253 2578 300 2627; x_wconf 86' lang='lat' dir='ltr'><strong>est</strong></span> <span class='ocrx_word' id='word_1_156' title='bbox 309 2566 562 2646; x_wconf 87' lang='lat' dir='ltr'><strong>proprieaontra</strong></span> <span class='ocrx_word' id='word_1_157' title='bbox 571 2575 718 2627; x_wconf 90' lang='lat' dir='ltr'><strong>naturam</strong></span> <span class='ocrx_word' id='word_1_158' title='bbox 732 2564 871 2646; x_wconf 90' lang='lat' dir='ltr'><strong>id,quod</strong></span> <span class='ocrx_word' id='word_1_159' title='bbox 880 2564 1116 2627; x_wconf 86' lang='lat' dir='ltr'><strong>ostabauetore</strong></span> <span class='ocrx_word' id='word_1_160' title='bbox 1128 2575 1265 2629; x_wconf 81' lang='lat' dir='ltr'><strong>naturae.</strong></span> 
     </span>
    </p>
   </div>
   <div class='ocr_carea' id='block_1_6' title="bbox 74 2662 1368 2744">
    <p class='ocr_par' dir='ltr' id='par_1_9' title="bbox 74 2662 1368 2744">
     <span class='ocr_line' id='line_1_23' title="bbox 74 2662 1368 2744; baseline 0.005 -19"><span class='ocrx_word' id='word_1_161' title='bbox 74 2725 75 2733; x_wconf 66' lang='grc'>,</span> <span class='ocrx_word' id='word_1_162' title='bbox 176 2664 280 2737; x_wconf 82' lang='lat' dir='ltr'><strong>Quam</strong></span> <span class='ocrx_word' id='word_1_163' title='bbox 308 2669 340 2726; x_wconf 90' lang='lat' dir='ltr'><strong>in</strong></span> <span class='ocrx_word' id='word_1_164' title='bbox 356 2683 425 2726; x_wconf 92' lang='lat' dir='ltr'><strong>rem</strong></span> <span class='ocrx_word' id='word_1_165' title='bbox 453 2665 497 2726; x_wconf 88' lang='lat' dir='ltr'><strong>ita</strong></span> <span class='ocrx_word' id='word_1_166' title='bbox 517 2663 671 2743; x_wconf 85' lang='lat' dir='ltr'><strong>praeclaro</strong></span> <span class='ocrx_word' id='word_1_167' title='bbox 692 2682 719 2726; x_wconf 90' lang='lat' dir='ltr'><strong>s.</strong></span> <span class='ocrx_word' id='word_1_168' title='bbox 737 2663 963 2744; x_wconf 71' lang='lat' dir='ltr'><strong>Augustinus:</strong></span> <span class='ocrx_word' id='word_1_169' title='bbox 982 2686 997 2723; x_wconf 74' lang='lat' dir='ltr'><strong>a</strong></span> <span class='ocrx_word' id='word_1_170' title='bbox 1014 2662 1050 2725; x_wconf 93' lang='lat' dir='ltr'><strong>ld</strong></span> <span class='ocrx_word' id='word_1_171' title='bbox 1066 2674 1114 2727; x_wconf 88' lang='lat' dir='ltr'><strong>est</strong></span> <span class='ocrx_word' id='word_1_172' title='bbox 1129 2665 1267 2731; x_wconf 85' lang='lat' dir='ltr'><strong>cuilibet</strong></span> <span class='ocrx_word' id='word_1_173' title='bbox 1367 2692 1368 2695; x_wconf 43' lang='lat'>¹</span> 
     </span>
    </p>
   </div>
   <div class='ocr_carea' id='block_1_7' title="bbox 178 2760 1264 2940">
    <p class='ocr_par' dir='ltr' id='par_1_10' title="bbox 178 2760 1264 2940">
     <span class='ocr_line' id='line_1_24' title="bbox 178 2760 1264 2843; baseline 0.005 -22"><span class='ocrx_word' id='word_1_174' title='bbox 178 2785 195 2821; x_wconf 76' lang='lat' dir='ltr'><strong>a</strong></span> <span class='ocrx_word' id='word_1_175' title='bbox 219 2765 265 2823; x_wconf 89' lang='lat' dir='ltr'><strong>rei</strong></span> <span class='ocrx_word' id='word_1_176' title='bbox 284 2763 441 2835; x_wconf 89' lang='lat' dir='ltr'><strong>naturale,</strong></span> <span class='ocrx_word' id='word_1_177' title='bbox 471 2762 559 2843; x_wconf 91' lang='lat' dir='ltr'><strong>quod</strong></span> <span class='ocrx_word' id='word_1_178' title='bbox 590 2763 644 2825; x_wconf 90' lang='lat' dir='ltr'><strong>ille</strong></span> <span class='ocrx_word' id='word_1_179' title='bbox 660 2760 821 2836; x_wconf 85' lang='lat' dir='ltr'><strong>feeerit,a</strong></span> <span class='ocrx_word' id='word_1_180' title='bbox 844 2779 910 2842; x_wconf 92' lang='lat' dir='ltr'><strong>quo</strong></span> <span class='ocrx_word' id='word_1_181' title='bbox 932 2771 980 2824; x_wconf 87' lang='lat' dir='ltr'><strong>est</strong></span> <span class='ocrx_word' id='word_1_182' title='bbox 999 2765 1106 2826; x_wconf 91' lang='lat' dir='ltr'><strong>omnis</strong></span> <span class='ocrx_word' id='word_1_183' title='bbox 1133 2764 1264 2840; x_wconf 88' lang='lat' dir='ltr'><strong>modus,</strong></span> 
     </span>
     <span class='ocr_line' id='line_1_25' title="bbox 178 2858 1264 2940; baseline 0.006 -20"><span class='ocrx_word' id='word_1_184' title='bbox 178 2882 196 2920; x_wconf 79' lang='lat' dir='ltr'><strong>a</strong></span> <span class='ocrx_word' id='word_1_185' title='bbox 220 2878 377 2923; x_wconf 85' lang='lat' dir='ltr'><strong>numerus</strong></span> <span class='ocrx_word' id='word_1_186' title='bbox 391 2869 422 2921; x_wconf 87' lang='lat' dir='ltr'><strong>et</strong></span> <span class='ocrx_word' id='word_1_187' title='bbox 437 2861 519 2923; x_wconf 90' lang='lat' dir='ltr'><strong>ordo</strong></span> <span class='ocrx_word' id='word_1_188' title='bbox 539 2872 661 2921; x_wconf 88' lang='lat' dir='ltr'><strong>naturae</strong></span> <span class='ocrx_word' id='word_1_189' title='bbox 675 2861 724 2936; x_wconf 79' lang='lat' dir='ltr'><strong>(a).</strong></span> <span class='ocrx_word' id='word_1_190' title='bbox 741 2881 755 2917; x_wconf 79' lang='lat' dir='ltr'><strong>t</strong></span> <span class='ocrx_word' id='word_1_191' title='bbox 773 2858 920 2940; x_wconf 88' lang='lat' dir='ltr'><strong>itemque</strong></span> <span class='ocrx_word' id='word_1_192' title='bbox 935 2876 1003 2922; x_wconf 93' lang='lat' dir='ltr'><strong>non</strong></span> <span class='ocrx_word' id='word_1_193' title='bbox 1025 2869 1073 2923; x_wconf 90' lang='lat' dir='ltr'><strong>est</strong></span> <span class='ocrx_word' id='word_1_194' title='bbox 1088 2872 1201 2928; x_wconf 89' lang='lat' dir='ltr'><strong>eontra</strong></span> <span class='ocrx_word' id='word_1_195' title='bbox 1216 2864 1264 2927; x_wconf 88' lang='lat' dir='ltr'><strong>rei</strong></span> 
     </span>
    </p>
   </div>
   <div class='ocr_carea' id='block_1_8' title="bbox 173 2957 1368 3039">
    <p class='ocr_par' dir='ltr' id='par_1_11' title="bbox 173 2957 1368 3039">
     <span class='ocr_line' id='line_1_26' title="bbox 173 2957 1368 3039; baseline 0.003 -16"><span class='ocrx_word' id='word_1_196' title='bbox 173 2958 329 3023; x_wconf 86' lang='lat' dir='ltr'><strong>naturam</strong></span> <span class='ocrx_word' id='word_1_197' title='bbox 346 2959 391 3030; x_wconf 91' lang='lat' dir='ltr'><strong>id,</strong></span> <span class='ocrx_word' id='word_1_198' title='bbox 409 2959 449 3021; x_wconf 91' lang='lat' dir='ltr'><strong>ad</strong></span> <span class='ocrx_word' id='word_1_199' title='bbox 465 2959 554 3039; x_wconf 90' lang='lat' dir='ltr'><strong>quod</strong></span> <span class='ocrx_word' id='word_1_200' title='bbox 569 2976 621 3020; x_wconf 89' lang='lat' dir='ltr'><strong>res</strong></span> <span class='ocrx_word' id='word_1_201' title='bbox 638 2969 685 3019; x_wconf 90' lang='lat' dir='ltr'><strong>est</strong></span> <span class='ocrx_word' id='word_1_202' title='bbox 702 2959 736 3019; x_wconf 94' lang='lat' dir='ltr'><strong>in</strong></span> <span class='ocrx_word' id='word_1_203' title='bbox 754 2958 911 3039; x_wconf 89' lang='lat' dir='ltr'><strong>potentia.</strong></span> <span class='ocrx_word' id='word_1_204' title='bbox 928 2957 990 3020; x_wconf 90' lang='lat' dir='ltr'><strong>Sed</strong></span> <span class='ocrx_word' id='word_1_205' title='bbox 1013 2969 1047 3020; x_wconf 92' lang='lat' dir='ltr'><strong>ut</strong></span> <span class='ocrx_word' id='word_1_206' title='bbox 1068 2978 1095 3023; x_wconf 91' lang='lat' dir='ltr'><strong>s.</strong></span> <span class='ocrx_word' id='word_1_207' title='bbox 1123 2960 1265 3028; x_wconf 87' lang='lat' dir='ltr'><strong>Thomas</strong></span> <span class='ocrx_word' id='word_1_208' title='bbox 1363 2973 1368 3017; x_wconf 71' lang='lat' dir='ltr'><strong>t</strong></span> 
     </span>
    </p>
   </div>
   <div class='ocr_carea' id='block_1_9' title="bbox 129 3057 1267 3528">
    <p class='ocr_par' dir='ltr' id='par_1_12' title="bbox 129 3057 1267 3528">
     <span class='ocr_line' id='line_1_27' title="bbox 129 3057 1267 3149; baseline 0.004 -28"><span class='ocrx_word' id='word_1_209' title='bbox 129 3127 142 3149; x_wconf 35' lang='grc' dir='ltr'><em>ο</em></span> <span class='ocrx_word' id='word_1_210' title='bbox 173 3059 407 3121; x_wconf 87' lang='lat' dir='ltr'><strong>animadvertit</strong></span> <span class='ocrx_word' id='word_1_211' title='bbox 428 3077 435 3122; x_wconf 91' lang='lat'>:</span> <span class='ocrx_word' id='word_1_212' title='bbox 455 3076 539 3120; x_wconf 80' lang='lat' dir='ltr'><strong>«res</strong></span> <span class='ocrx_word' id='word_1_213' title='bbox 560 3066 608 3120; x_wconf 91' lang='lat' dir='ltr'><strong>est</strong></span> <span class='ocrx_word' id='word_1_214' title='bbox 631 3059 664 3119; x_wconf 93' lang='lat' dir='ltr'><strong>in</strong></span> <span class='ocrx_word' id='word_1_215' title='bbox 687 3057 832 3137; x_wconf 89' lang='lat' dir='ltr'><strong>potentia</strong></span> <span class='ocrx_word' id='word_1_216' title='bbox 849 3058 889 3119; x_wconf 84' lang='lat' dir='ltr'><strong>ad</strong></span> <span class='ocrx_word' id='word_1_217' title='bbox 918 3057 1056 3134; x_wconf 87' lang='lat' dir='ltr'><strong>diversa,</strong></span> <span class='ocrx_word' id='word_1_218' title='bbox 1084 3063 1267 3125; x_wconf 86' lang='lat' dir='ltr'><strong>seeundum</strong></span> 
     </span>
     <span class='ocr_line' id='line_1_28' title="bbox 176 3156 1266 3247; baseline 0.006 -30"><span class='ocrx_word' id='word_1_219' title='bbox 176 3179 195 3218; x_wconf 76' lang='grc' dir='ltr'><strong><em>ι</em></strong></span> <span class='ocrx_word' id='word_1_220' title='bbox 210 3157 438 3219; x_wconf 89' lang='lat' dir='ltr'><strong>habitudinem</strong></span> <span class='ocrx_word' id='word_1_221' title='bbox 451 3157 492 3219; x_wconf 94' lang='lat' dir='ltr'><strong>ad</strong></span> <span class='ocrx_word' id='word_1_222' title='bbox 505 3157 803 3236; x_wconf 77' lang='lat' dir='ltr'><strong>diversosagentes:</strong></span> <span class='ocrx_word' id='word_1_223' title='bbox 815 3156 995 3247; x_wconf 81' lang='lat' dir='ltr'><strong>undenjbil</strong></span> <span class='ocrx_word' id='word_1_224' title='bbox 1009 3157 1266 3241; x_wconf 88' lang='lat' dir='ltr'><strong>probibet,quin</strong></span> 
     </span>
     <span class='ocr_line' id='line_1_29' title="bbox 176 3253 1267 3336; baseline 0.008 -23"><span class='ocrx_word' id='word_1_225' title='bbox 176 3275 196 3312; x_wconf 76' lang='grc' dir='ltr'><strong><em>ι</em></strong></span> <span class='ocrx_word' id='word_1_226' title='bbox 209 3263 325 3315; x_wconf 91' lang='lat' dir='ltr'><strong>natura</strong></span> <span class='ocrx_word' id='word_1_227' title='bbox 340 3264 444 3315; x_wconf 87' lang='lat' dir='ltr'><strong>ereata</strong></span> <span class='ocrx_word' id='word_1_228' title='bbox 460 3253 503 3316; x_wconf 90' lang='lat' dir='ltr'><strong>sit</strong></span> <span class='ocrx_word' id='word_1_229' title='bbox 518 3255 551 3315; x_wconf 89' lang='lat' dir='ltr'><strong>in</strong></span> <span class='ocrx_word' id='word_1_230' title='bbox 574 3254 719 3334; x_wconf 92' lang='lat' dir='ltr'><strong>potentia</strong></span> <span class='ocrx_word' id='word_1_231' title='bbox 735 3253 774 3314; x_wconf 91' lang='lat' dir='ltr'><strong>ad</strong></span> <span class='ocrx_word' id='word_1_232' title='bbox 792 3253 901 3334; x_wconf 89' lang='lat' dir='ltr'><strong>aliqua</strong></span> <span class='ocrx_word' id='word_1_233' title='bbox 918 3253 1025 3316; x_wconf 85' lang='lat' dir='ltr'><strong>fienda</strong></span> <span class='ocrx_word' id='word_1_234' title='bbox 1042 3273 1099 3336; x_wconf 89' lang='lat' dir='ltr'><strong>per</strong></span> <span class='ocrx_word' id='word_1_235' title='bbox 1120 3256 1267 3322; x_wconf 88' lang='lat' dir='ltr'><strong>divinam</strong></span> 
     </span>
     <span class='ocr_line' id='line_1_30' title="bbox 176 3350 1267 3435; baseline 0.007 -24"><span class='ocrx_word' id='word_1_236' title='bbox 176 3375 195 3411; x_wconf 77' lang='grc' dir='ltr'>ι</span> <span class='ocrx_word' id='word_1_237' title='bbox 214 3353 406 3433; x_wconf 86' lang='lat' dir='ltr'><strong>potentiam,</strong></span> <span class='ocrx_word' id='word_1_238' title='bbox 423 3370 495 3432; x_wconf 86' lang='lat' dir='ltr'><strong>quae</strong></span> <span class='ocrx_word' id='word_1_239' title='bbox 512 3351 651 3414; x_wconf 79' lang='lat' dir='ltr'><strong>inferior</strong></span> <span class='ocrx_word' id='word_1_240' title='bbox 665 3351 810 3431; x_wconf 89' lang='lat' dir='ltr'><strong>potentia</strong></span> <span class='ocrx_word' id='word_1_241' title='bbox 822 3350 928 3414; x_wconf 84' lang='lat' dir='ltr'><strong>lacere</strong></span> <span class='ocrx_word' id='word_1_242' title='bbox 943 3370 1009 3416; x_wconf 89' lang='lat' dir='ltr'><strong>nou</strong></span> <span class='ocrx_word' id='word_1_243' title='bbox 1024 3362 1140 3435; x_wconf 87' lang='lat' dir='ltr'><strong>potest.</strong></span> <span class='ocrx_word' id='word_1_244' title='bbox 1153 3353 1193 3418; x_wconf 84' lang='lat' dir='ltr'><strong>ltt</strong></span> <span class='ocrx_word' id='word_1_245' title='bbox 1204 3357 1267 3420; x_wconf 86' lang='lat' dir='ltr'><strong>ista</strong></span> 
     </span>
     <span class='ocr_line' id='line_1_31' title="bbox 176 3449 781 3528; baseline -0.002 -20"><span class='ocrx_word' id='word_1_246' title='bbox 176 3471 196 3508; x_wconf 73' lang='lat' dir='ltr'><strong>a</strong></span> <span class='ocrx_word' id='word_1_247' title='bbox 212 3452 346 3512; x_wconf 83' lang='lat' dir='ltr'><strong>vocatur</strong></span> <span class='ocrx_word' id='word_1_248' title='bbox 358 3451 494 3528; x_wconf 83' lang='lat' dir='ltr'><strong>potentia</strong></span> <span class='ocrx_word' id='word_1_249' title='bbox 507 3449 681 3512; x_wconf 80' lang='lat' dir='ltr'><strong>obedientia</strong></span> <span class='ocrx_word' id='word_1_250' title='bbox 697 3450 747 3527; x_wconf 78' lang='lat' dir='ltr'><strong>(a).</strong></span> <span class='ocrx_word' id='word_1_251' title='bbox 766 3472 781 3507; x_wconf 71' lang='lat' dir='ltr'><strong>a</strong></span> 
     </span>
    </p>
   </div>
   <div class='ocr_carea' id='block_1_10' title="bbox 175 3562 1311 3942">
    <p class='ocr_par' dir='ltr' id='par_1_13' title="bbox 175 3562 1311 3942">
     <span class='ocr_line' id='line_1_32' title="bbox 220 3562 1266 3645; baseline 0.002 -16"><span class='ocrx_word' id='word_1_252' title='bbox 220 3563 293 3629; x_wconf 83' lang='grc'><strong>461.</strong></span> <span class='ocrx_word' id='word_1_253' title='bbox 308 3563 355 3626; x_wconf 85' lang='lat' dir='ltr'><strong>Ad</strong></span> <span class='ocrx_word' id='word_1_254' title='bbox 369 3563 409 3625; x_wconf 75' lang='lat'><strong>3¹⁰</strong></span> <span class='ocrx_word' id='word_1_255' title='bbox 425 3562 508 3645; x_wconf 79' lang='lat' dir='ltr'><strong>Nepa</strong></span> <span class='ocrx_word' id='word_1_256' title='bbox 523 3564 700 3644; x_wconf 80' lang='lat' dir='ltr'><strong>paritatem.</strong></span> <span class='ocrx_word' id='word_1_257' title='bbox 717 3562 810 3638; x_wconf 87' lang='lat' dir='ltr'><strong>Nam,</strong></span> <span class='ocrx_word' id='word_1_258' title='bbox 828 3575 864 3626; x_wconf 93' lang='lat' dir='ltr'><strong>ut</strong></span> <span class='ocrx_word' id='word_1_259' title='bbox 880 3562 968 3626; x_wconf 89' lang='lat' dir='ltr'><strong>idem</strong></span> <span class='ocrx_word' id='word_1_260' title='bbox 979 3582 1007 3628; x_wconf 89' lang='lat' dir='ltr'><strong>s.</strong></span> <span class='ocrx_word' id='word_1_261' title='bbox 1023 3563 1166 3630; x_wconf 81' lang='lat' dir='ltr'><strong>Thomas</strong></span> <span class='ocrx_word' id='word_1_262' title='bbox 1181 3568 1266 3631; x_wconf 86' lang='lat' dir='ltr'><strong>sori·</strong></span> 
     </span>
     <span class='ocr_line' id='line_1_33' title="bbox 175 3664 1311 3746; baseline 0.001 -15"><span class='ocrx_word' id='word_1_263' title='bbox 175 3666 238 3731; x_wconf 62' lang='lat' dir='ltr'><strong>bit,</strong></span> <span class='ocrx_word' id='word_1_264' title='bbox 265 3687 280 3724; x_wconf 74' lang='lat' dir='ltr'><strong>a</strong></span> <span class='ocrx_word' id='word_1_265' title='bbox 306 3665 388 3727; x_wconf 86' lang='lat' dir='ltr'><strong>Deus</strong></span> <span class='ocrx_word' id='word_1_266' title='bbox 404 3674 511 3744; x_wconf 91' lang='lat' dir='ltr'><strong>potest</strong></span> <span class='ocrx_word' id='word_1_267' title='bbox 539 3664 645 3726; x_wconf 86' lang='lat' dir='ltr'><strong>lasere</strong></span> <span class='ocrx_word' id='word_1_268' title='bbox 670 3672 784 3725; x_wconf 87' lang='lat' dir='ltr'><strong>eontra</strong></span> <span class='ocrx_word' id='word_1_269' title='bbox 812 3664 991 3741; x_wconf 87' lang='lat' dir='ltr'><strong>ordinem,</strong></span> <span class='ocrx_word' id='word_1_270' title='bbox 1011 3666 1067 3746; x_wconf 91' lang='lat' dir='ltr'><strong>qui</strong></span> <span class='ocrx_word' id='word_1_271' title='bbox 1089 3676 1137 3729; x_wconf 92' lang='lat' dir='ltr'><strong>est</strong></span> <span class='ocrx_word' id='word_1_272' title='bbox 1166 3668 1268 3732; x_wconf 89' lang='lat' dir='ltr'><strong>unius</strong></span> <span class='ocrx_word' id='word_1_273' title='bbox 1305 3664 1311 3671; x_wconf 80' lang='grc'><em>’</em></span> 
     </span>
     <span class='ocr_line' id='line_1_34' title="bbox 178 3762 1267 3844; baseline 0.006 -19"><span class='ocrx_word' id='word_1_274' title='bbox 178 3789 197 3825; x_wconf 73' lang='lat' dir='ltr'><strong>a</strong></span> <span class='ocrx_word' id='word_1_275' title='bbox 220 3772 377 3827; x_wconf 75' lang='lat' dir='ltr'><strong>ereatura</strong></span> <span class='ocrx_word' id='word_1_276' title='bbox 402 3762 443 3823; x_wconf 88' lang='lat' dir='ltr'><strong>ad</strong></span> <span class='ocrx_word' id='word_1_277' title='bbox 470 3762 572 3825; x_wconf 91' lang='lat' dir='ltr'><strong>alium</strong></span> <span class='ocrx_word' id='word_1_278' title='bbox 577 3807 641 3825; x_wconf 91' lang='grc'><strong>.....</strong></span> <span class='ocrx_word' id='word_1_279' title='bbox 663 3779 730 3825; x_wconf 92' lang='lat' dir='ltr'><strong>non</strong></span> <span class='ocrx_word' id='word_1_280' title='bbox 758 3771 867 3825; x_wconf 87' lang='lat' dir='ltr'><strong>tamen</strong></span> <span class='ocrx_word' id='word_1_281' title='bbox 894 3774 1000 3844; x_wconf 88' lang='lat' dir='ltr'><strong>potest</strong></span> <span class='ocrx_word' id='word_1_282' title='bbox 1025 3764 1131 3827; x_wconf 85' lang='lat' dir='ltr'><strong>iacere</strong></span> <span class='ocrx_word' id='word_1_283' title='bbox 1151 3777 1267 3830; x_wconf 85' lang='lat' dir='ltr'><strong>eontra</strong></span> 
     </span>
     <span class='ocr_line' id='line_1_35' title="bbox 176 3858 1268 3942; baseline 0.005 -17"><span class='ocrx_word' id='word_1_284' title='bbox 176 3886 195 3925; x_wconf 74' lang='lat' dir='ltr'><strong>e</strong></span> <span class='ocrx_word' id='word_1_285' title='bbox 219 3863 371 3929; x_wconf 90' lang='lat' dir='ltr'><strong>ordinem</strong></span> <span class='ocrx_word' id='word_1_286' title='bbox 400 3869 556 3925; x_wconf 78' lang='lat' dir='ltr'><strong>creatura</strong></span> <span class='ocrx_word' id='word_1_287' title='bbox 569 3858 616 3923; x_wconf 88' lang='lat' dir='ltr'><strong>ad</strong></span> <span class='ocrx_word' id='word_1_288' title='bbox 638 3859 798 3942; x_wconf 89' lang='lat' dir='ltr'><strong>seipsum.</strong></span> <span class='ocrx_word' id='word_1_289' title='bbox 818 3906 850 3924; x_wconf 91' lang='lat'><strong>..</strong></span> <span class='ocrx_word' id='word_1_290' title='bbox 871 3859 964 3926; x_wconf 89' lang='lat' dir='ltr'><strong>Unde</strong></span> <span class='ocrx_word' id='word_1_291' title='bbox 984 3871 1099 3927; x_wconf 86' lang='lat' dir='ltr'><strong>eontra</strong></span> <span class='ocrx_word' id='word_1_292' title='bbox 1112 3865 1268 3930; x_wconf 89' lang='lat' dir='ltr'><strong>ordinem</strong></span> 
     </span>
    </p>
   </div>
   <div class='ocr_carea' id='block_1_11' title="bbox 202 4021 684 4158">
    <p class='ocr_par' dir='ltr' id='par_1_14' title="bbox 202 4021 684 4158">
     <span class='ocr_line' id='line_1_36' title="bbox 204 4021 684 4080; baseline -0.006 -9"><span class='ocrx_word' id='word_1_293' title='bbox 204 4029 237 4080; x_wconf 81' lang='grc'><strong>11)</strong></span> <span class='ocrx_word' id='word_1_294' title='bbox 253 4027 342 4072; x_wconf 83' lang='lat' dir='ltr'><strong>Contra</strong></span> <span class='ocrx_word' id='word_1_295' title='bbox 350 4026 431 4073; x_wconf 79' lang='lat' dir='ltr'><strong>Fauat.</strong></span> <span class='ocrx_word' id='word_1_296' title='bbox 442 4025 495 4072; x_wconf 84' lang='lat' dir='ltr'><strong>Lib.</strong></span> <span class='ocrx_word' id='word_1_297' title='bbox 508 4024 596 4072; x_wconf 81' lang='lat' dir='ltr'><strong>xxvi.</strong></span> <span class='ocrx_word' id='word_1_298' title='bbox 606 4035 628 4070; x_wconf 82' lang='lat' dir='ltr'><strong>c.</strong></span> <span class='ocrx_word' id='word_1_299' title='bbox 640 4021 684 4071; x_wconf 86' lang='lat' dir='ltr'><strong>til.</strong></span> 
     </span>
     <span class='ocr_line' id='line_1_37' title="bbox 202 4099 526 4158; baseline -0.006 -12"><span class='ocrx_word' id='word_1_300' title='bbox 202 4100 238 4158; x_wconf 61' lang='grc' dir='ltr'><strong>(ξ)</strong></span> <span class='ocrx_word' id='word_1_301' title='bbox 256 4103 288 4145; x_wconf 84' lang='lat' dir='ltr'><strong>lle</strong></span> <span class='ocrx_word' id='word_1_302' title='bbox 298 4105 347 4158; x_wconf 86' lang='lat' dir='ltr'><strong>pot.</strong></span> <span class='ocrx_word' id='word_1_303' title='bbox 357 4111 382 4157; x_wconf 86' lang='lat' dir='ltr'><strong>q.</strong></span> <span class='ocrx_word' id='word_1_304' title='bbox 398 4100 429 4147; x_wconf 86' lang='lat' dir='ltr'><strong>vl</strong></span> <span class='ocrx_word' id='word_1_305' title='bbox 445 4104 491 4146; x_wconf 78' lang='lat' dir='ltr'><strong>art.</strong></span> <span class='ocrx_word' id='word_1_306' title='bbox 507 4099 526 4144; x_wconf 92' lang='grc'><strong>1.</strong></span> 
     </span>
    </p>
   </div>
   <div class='ocr_carea' id='block_1_12' title="bbox 0 0 1400 4600">
    <p class='ocr_par' dir='ltr' id='par_1_15' title="bbox 0 0 1400 4600">
     <span class='ocr_line' id='line_1_38' title="bbox 0 0 1400 4600; baseline 0 3"><span class='ocrx_word' id='word_1_307' title='bbox 0 0 1400 4600; x_wconf 95' lang='lat' dir='ltr'><strong> </strong></span> 
     </span>
    </p>
   </div>
  </div>
 </body>
</html>
