2792 4600
414 202 427 233 t

378 372 382 380 .
477 306 563 350 risen
584 270 727 364 cornuue,
750 306 842 352 aanor
863 308 884 354 1.
1174 297 1238 360 389

145 422 339 503 ejusmotus
366 428 697 500 temperarct5alque
725 421 802 484 hinc
828 422 990 485 mundum
1016 443 1087 488 esse
1112 444 1149 488 ac
1169 428 1236 490 dici

106 531 110 536 ‘
145 521 265 584 Deum.

186 618 202 647 *
223 617 297 681 405.
313 616 497 696 Singularis
514 614 577 677 luit
588 617 673 678 inter
688 616 899 695 recentiores,
915 638 1104 700 quanquam
1119 630 1151 685 et
1166 622 1239 703 ipsa

147 738 186 780 cx
202 727 348 780 veterum
364 734 421 777 seu
434 713 604 777 sententiis
620 732 676 777 seu
693 715 852 794 loquendi
866 717 973 780 modis
985 738 1147 799 expressa,
1165 723 1239 802 opi·

148 817 238 879 natio
265 812 456 878 Cudworthi
472 811 527 889 (ill
540 812 601 875 llic
621 812 819 876 existimavit
843 814 1048 878 mundanum
1072 818 1238 894 ordinem,

148 932 185 975 ac
200 911 377 974 viventium
395 910 578 991 praesertim
604 910 779 990 originem,
796 912 953 992 explicari
970 930 1036 976 non
1053 932 1159 995 posse,
1174 918 1239 980 nisi

150 1014 220 1074 haec
235 1009 291 1072 fiat
307 1009 499 1091 hypothesis
517 1026 524 1073 :
543 1026 613 1070 esse
637 1016 754 1088 praeter
776 1009 879 1072 Deum
895 1009 1049 1074 Naturam
1066 1016 1240 1094 quamdam

150 1110 355 1191 genitricem,
372 1108 491 1172 divinae
502 1106 721 1188 ,providentiae
736 1107 916 1190 subiectam
934 1108 1070 1191 ejusque
1096 1113 1242 1176 admini·
1305 1176 1307 1179 Α

152 1219 262 1272 stram.
280 1210 369 1271 Hanc
385 1209 455 1288 ipse
471 1215 562 1289 putat
576 1206 792 1270 substantiam
808 1225 878 1271 esse
895 1209 1123 1290 incorpoream
1139 1220 1170 1274 et
1192 1212 1241 1274 vi·

152 1317 292 1384 ventem,
306 1306 361 1369 sed
375 1306 490 1369 intimo
504 1307 575 1369 vitre
587 1323 717 1386 genere,
728 1307 791 1369 vita
804 1325 922 1388 nempe
935 1312 1121 1388 vegetativa,
1139 1329 1243 1392 quan·

153 1425 251 1489 quam
267 1407 412 1488 aliquem
425 1406 455 1469 ei
468 1423 601 1468 sensum
614 1416 645 1468 et
661 1391 905 1486 perceptionem
920 1405 1064 1470 tribucre
1080 1409 1241 1476 videatur.

153 1508 197 1571 Ea
209 1516 317 1568 tamen
331 1506 472 1570 consilio
484 1523 520 1566 ac
532 1506 659 1566 ratione
673 1523 739 1567 non
754 1505 870 1586 pollet;
885 1517 916 1567 et
928 1524 1116 1588 quanquam
1124 1510 1244 1573 ordine

156 1622 193 1667 ac
207 1605 334 1667 ratione
359 1613 442 1684 agat,
460 1604 588 1683 ignorat
613 1615 721 1666 tamen
747 1621 883 1666 suornm
909 1622 1046 1684 operum
1073 1606 1165 1681 lines,
1183 1626 1246 1672 nec

157 1720 288 1765 suarum
304 1703 472 1767 actionum
484 1704 720 1766 conscientiam
734 1703 841 1764 hahet.
857 1704 930 1766 Haec
942 1704 1051 1784 itaque
1064 1706 1161 1769 rebus
1173 1727 1245 1771 om-

158 1802 256 1865 nihus
271 1802 445 1883 coniuncta
469 1802 516 1864 vis
531 1802 643 1865 omnia
659 1801 752 1881 fingit
773 1819 811 1862 ac
827 1801 954 1876 format,
973 1803 1006 1864 in
1023 1804 1144 1883 quihus
1166 1806 1246 1868 artis

157 1901 329 1981 uestigium
352 1901 486 1982 aliquod
513 1901 711 1982 aspicimus;
738 1900 849 1966 divina
874 1896 949 1964 vero
973 1903 1178 1982 providentia
1193 1924 1245 1967 er·

158 2017 248 2062 rores
265 2017 348 2080 quos
365 1999 420 2061 illa
434 1999 587 2073 admittit,
606 1999 769 2073 emendat,
785 2016 923 2079 eamque
949 2011 1107 2081 perpetuo
1134 2002 1247 2067 mode·

159 2109 260 2159 ratur.
575 2113 579 2120 ·
730 2117 731 2120 ¹
1231 2175 1238 2192 Ι

200 2193 217 2224 *
230 2194 305 2258 406.
329 2194 455 2258 Vanum
472 2196 535 2258 hoc
551 2194 741 2257 Cudworthi
762 2194 888 2256 idolum
906 2193 1000 2257 iacile
1018 2197 1173 2261 evertitur
1189 2218 1250 2279 per

159 2314 196 2357 ea
218 2315 291 2377 quae
307 2294 472 2375 theologia
487 2295 581 2358 docet
607 2295 648 2359 de
662 2294 909 2358 conservatione
924 2313 1034 2358 rerum
1050 2308 1246 2376 creatarum,

161 2404 192 2456 ct
208 2398 249 2458 dc
265 2399 380 2477 primae
405 2414 509 2458 causae
532 2394 601 2475 Jugi
617 2395 848 2474 cooperatione
863 2411 937 2456 cum
953 2394 1059 2457 causis
1075 2397 1248 2476 secundis;

162 2494 338 2574 dequibus
354 2494 415 2557 siro
430 2495 515 2557 loco.
532 2494 631 2557 Plura
644 2491 844 2556 Moshemius
860 2494 916 2593 (ah
932 2493 989 2555 sed
1015 2495 1110 2556 ohvia
1132 2496 1173 2556 iis
1189 2498 1247 2576 qui

164 2593 259 2655 rectis
275 2593 394 2656 imbuti
410 2602 486 2656 sunt
502 2592 674 2674 principiis
691 2609 700 2656 ;
718 2609 778 2653 nec
793 2608 829 2652 ea
844 2590 965 2653 referre
981 2611 1064 2672 opus
1078 2602 1138 2655 est.

591 2740 755 2786 Anniculus
771 2742 808 2790 11·
888 2768 889 2771 ¹
976 2752 990 2760 ‘

537 2854 580 2916 ne
600 2862 722 2916 nuturoe
743 2854 867 2934 legibus.

203 2985 274 3052 407.
298 2986 339 3052 Ut
359 2994 407 3048 ex*
422 2985 519 3048 dietis
545 2986 579 3047 in
595 2985 701 3065 logica
714 2984 760 3062 (L.
776 2982 848 3063 508)
865 2984 1043 3065 colligitur,
1060 2998 1185 3051 natura
1204 2989 1252 3053 le·

164 3105 236 3166 gem
251 3086 393 3148 dicimus
408 3084 531 3147 mudum
550 3092 738 3148 constantem
762 3092 791 3145 et
814 3081 1010 3162 uniformem,
1026 3103 1113 3164 quam
1127 3089 1253 3167 agentia

164 3186 338 3248 materialia
352 3186 388 3246 in
401 3186 520 3265 agendo
534 3192 672 3257 anonam
689 3183 745 3262 qui
757 3181 873 3262 egendi
887 3180 1005 3243 modus
1016 3181 1092 3245 ideo
1105 3183 1156 3245 lex
1168 3183 1254 3247 dici·

166 3298 228 3360 tur,
245 3286 324 3366 quia
338 3283 458 3347 summi
475 3282 603 3363 opificis
628 3282 770 3362 imperio
795 3291 907 3343 rerum
922 3281 1006 3342 uires
1021 3290 1146 3344 statutae
1161 3299 1251 3361 sunt,

165 3383 328 3461 certisque
350 3381 476 3444 normis
500 3378 666 3458 subjectae.
682 3379 739 3442 Hac
753 3377 851 3458 leges,
869 3378 1026 3457 quoniam
1053 3378 1138 3441 inter
1164 3381 1255 3443 varia

166 3497 304 3560 corpora
320 3479 495 3542 relationes
509 3477 666 3559 quasdam
696 3484 881 3540 constantes
910 3476 1084 3552 inducunt,
1099 3477 1254 3542 ordinem

167 3580 341 3659 quemdam
355 3578 570 3653 constituunt,
588 3577 646 3657 qui
671 3577 746 3655 ordo
770 3585 891 3637 muru
919 3575 1051 3639 dieitur.
1069 3575 1256 3642 Eventuum

168 3696 243 3741 uero
272 3679 454 3740 seeundum
480 3678 569 3739 hune
597 3674 750 3738 ordinem
775 3674 974 3750 consecutio,
1000 3685 1123 3739 nature
1146 3695 1257 3754 wreus
1298 3704 1300 3709 ·

168 3778 363 3858 appellatur.
462 3856 469 3865 ·

196 3911 228 3962 (t)
242 3906 305 3966 Suet.
317 3904 429 3952 lantker.
438 3918 459 3952 c.
469 3905 513 3952 lll.
524 3876 620 3951 dissert.
631 3906 665 3951 lle
677 3905 732 3953 Nat.
743 3915 800 3963 gen.
849 3967 851 3971 ¹

198 3981 229 4038 (ill
246 3981 275 4026 ln
285 3979 348 4026 nutis
358 3979 388 4026 ad
398 3977 439 4024 cit.
449 3992 511 4036 opus
519 3978 666 4025 Cudwotthl.
