2792 4600
187 333 251 398 268
622 345 812 393 cosuococn.

227 466 261 528 2⁰
273 463 361 546 qnod
378 463 412 526 in
429 461 656 544 crystallorum
671 460 878 554 formatione,
894 479 996 541 quum
1013 461 1275 526 moleculaecon·

183 566 379 644 junguntur,
396 578 602 641 unaqueque
618 558 780 622 molecnla
805 576 896 621 suam
920 560 1058 624 lerinam
1078 560 1274 625 substantia·

94 699 103 719 .
185 662 252 724 lem
270 660 408 734 amittat,
431 677 469 721 ac
492 658 632 739 singulis
654 657 770 721 formis
796 656 1052 720 molecnlarihus
1073 675 1155 722 nova
1170 657 1278 722 forma

186 761 288 824 totius
304 758 467 835 succedat,
485 776 558 839 quae
573 756 717 838 crystalli
734 756 870 836 figuram
887 756 1095 821 determinet.

228 861 263 924 5⁰
285 845 373 940 quod
387 857 428 920 ad
451 856 640 939 crystallum
661 854 909 930 edomandam,
931 854 1099 917 eliminata
1124 873 1272 936 quacun·

186 975 252 1040 que
275 974 358 1020 nova
381 955 497 1032 lorma,
520 955 598 1017 sole
618 952 732 1017 lormae
750 952 966 1016 moleculares
990 952 1141 1017 sufficere
1162 953 1276 1017 existi·

186 1065 331 1120 mentnr.
558 1114 560 1120 ,

229 1155 309 1219 liic‘o
322 1154 433 1234 igitur,
448 1168 648 1233 quocunque
660 1150 760 1213 modo
773 1150 842 1213 haec
856 1142 1046 1231 hypothesis
1059 1150 1277 1232 intelligatur,

80 1287 85 1297 ·
187 1269 254 1317 nou
271 1252 379 1313 solum
395 1267 466 1313 eam
489 1266 560 1313 esse
581 1247 746 1325 inutilem,
768 1255 804 1311 nt
818 1248 918 1311 modo
938 1248 1198 1311 demonstratum
1213 1258 1276 1323 est,

186 1347 365 1413 sedetiam
382 1348 570 1412 intrinsecis
586 1347 797 1428 quibusdam,
814 1346 923 1428 iisque
939 1364 1005 1411 nou
1022 1346 1161 1422 levibus,
1182 1346 1278 1412 labo·

186 1467 261 1513 rare
275 1448 469 1512 defectibus.

96 1569 102 1578 ·
126 1552 129 1558 ’
228 1548 298 1613 152.
322 1550 405 1612 Sane
420 1548 446 1609 si
465 1548 497 1611 1⁰
512 1545 611 1609 modo
628 1544 844 1625 intelligatur,

226 1651 258 1727 o)
282 1647 316 1710 in
340 1646 457 1728 primis
482 1647 529 1708 vis
551 1645 608 1707 illa
630 1645 829 1707 moderatrix
853 1644 938 1708 nihil
958 1645 1055 1709 hahet
1070 1664 1145 1709 cum
1171 1646 1279 1710 forma

185 1747 346 1810 materiali
366 1762 560 1822 commune;
573 1762 610 1806 ac
623 1744 764 1824 proinde
778 1745 944 1809 immerito
956 1745 1013 1807 tali
1026 1744 1161 1809 nomine
1173 1745 1278 1810 dona·

185 1854 289 1908 retur.
1175 1919 1177 1926 Ι

227 1944 255 2022 b)
278 1942 399 2005 Eadem
414 1943 474 2016 vis,
491 1941 518 2003 si
536 1941 638 2005 torma
654 1940 833 2003 materialis
848 1941 981 2016 dicitur,
999 1960 1065 2006 non
1080 1943 1277 2023 producitur

185 2059 205 2104 a
220 2043 286 2105 Deo
303 2058 362 2121 per
372 2041 584 2115 creationem,
599 2040 654 2102 sed
668 2039 709 2101 ab
721 2047 834 2120 agente
846 2039 959 2120 aliquo
971 2041 1110 2104 naturali
1123 2041 1278 2106 educitur

186 2158 226 2202 ex
242 2138 388 2213 materia,
404 2137 556 2200 videlicet
571 2157 609 2200 ex
624 2146 808 2201 atomorum
824 2128 1161 2221 multitudine.'Atqui
1174 2156 1275 2222 repu-

187 2246 296 2320 gnate
312 2236 457 2318 subjecto
473 2246 606 2301 extenso
622 2243 652 2300 et
667 2235 844 2319 multiplici
868 2237 977 2314 educi,
994 2238 1091 2321 eique
1112 2239 1277 2303 inhaerere

187 2335 328 2399 formam
350 2336 548 2425 simplicem,
571 2343 604 2397 et
624 2336 804 2416 quantitate
826 2345 1002 2400 carentem.
1021 2337 1113 2412 Quod
1131 2337 1219 2401 enim
1235 2356 1277 2400 en

187 2433 365 2514 multiplici
382 2433 529 2513 subjecto
550 2433 713 2508 educitur,
731 2442 762 2495 et
782 2435 816 2496 in
833 2434 1010 2515 multiplici
1026 2436 1174 2517 subjecto
1189 2436 1275 2500 ieci-

188 2533 289 2615 pitur,
304 2534 489 2595 necessario
505 2532 678 2612 multiplex
692 2541 753 2595 est.

228 2633 254 2708 c)
277 2630 324 2692 dd
343 2631 431 2694 haec:
449 2639 596 2692 sumatur
611 2649 641 2694 v.
658 2647 707 2711 gr.
722 2630 892 2712 crystallus
909 2629 1025 2695 cubica
1036 2633 1113 2698 salis
1125 2651 1274 2697 commu·

186 2729 260 2792 nis:
279 2728 373 2790 estin
390 2746 438 2803 ea,
454 2727 544 2806 juxta
559 2726 772 2801 adversarios,
791 2728 963 2809 ipsamque
979 2730 1127 2811 pervadit
1142 2731 1190 2793 vis
1205 2732 1279 2794 haec

184 2832 252 2889 tota
275 2826 308 2887 in
326 2835 390 2888 tota
406 2827 558 2895 existens,
576 2834 608 2886 et
629 2834 695 2888 tota
716 2827 750 2886 in
768 2826 908 2907 singulis
926 2828 1086 2908 partibus.
1104 2829 1279 2893 Dividetur

180 2925 249 3005 jam
271 2924 378 2997 cubus
397 2924 430 2985 in
450 2936 556 3003 partes
572 2924 664 2987 duas.
681 2923 870 2987 Necessario
887 2925 1076 3002 dicendum,
1092 2928 1157 2989 vim
1174 2928 1274 3003 hanc,

184 3037 217 3085 et
239 3024 355 3104 ipsam,
377 3022 528 3085 bifariam
545 3023 649 3084 dividi
667 3012 677 3087 ἐ
694 3024 759 3085 nisi
779 3022 860 3090 velis
877 3023 999 3100 dicere,
1016 3026 1119 3089 divisa
1134 3044 1276 3108 corpora

184 3123 282 3186 unica
299 3123 402 3186 forma
418 3139 551 3203 unoque
567 3140 637 3185 esse
652 3130 812 3186 constare.
831 3124 870 3186 At
882 3124 1050 3205 quomodo
1066 3125 1136 3188 fleri
1154 3136 1277 3208 potest,

183 3231 220 3286 nt
237 3222 326 3303 quod
344 3222 523 3303 quantitate
539 3229 638 3296 caret,
655 3221 808 3285 bilariam
827 3222 1013 3286 dividatur?

225 3321 256 3399 d)
278 3320 415 3392 Quando
427 3332 503 3381 nam
518 3319 587 3382 hoec
597 3320 656 3389 vis,
669 3321 738 3384 haec
750 3319 853 3383 iorma
866 3338 884 3382 e
896 3321 1030 3383 materia
1043 3322 1205 3397 educitur,
1218 3331 1278 3385 aut

185 3437 204 3482 a
219 3435 286 3499 quo
301 3414 428 3496 agente,
447 3430 502 3480 ant
518 3416 687 3497 quomodo
703 3417 873 3481 educitur?
888 3416 996 3491 Quum
1011 3418 1182 3482 moleculae
1197 3429 1275 3483 sunt

184 3517 352 3598 disperse,
376 3515 445 3577 haec
464 3515 512 3577 vis
534 3525 621 3577 certe
640 3532 709 3578 non
731 3515 858 3594 existit3
881 3534 974 3581 secus
995 3536 1033 3580 ea
1048 3526 1132 3581 esset
1146 3519 1275 3600 aliquid

185 3632 246 3697 per
260 3633 294 3676 se
307 3613 501 3676 subsistens.
514 3611 675 3675 Educitnr
689 3614 798 3695 itaque
810 3633 848 3677 ex
861 3614 1043 3687 moloculis
1057 3635 1161 3698 quum
1173 3618 1274 3682 mole·

116 3748 118 3753 <
184 3714 268 3777 culae
287 3701 548 3792 conjunguntur.
568 3710 636 3792 Ego
651 3729 727 3774 vero
743 3728 808 3774 non
825 3713 944 3788 dicam,
962 3713 1159 3779 incredibile
1175 3716 1274 3796 plane

185 3831 269 3886 esse,
283 3820 318 3873 nt
328 3818 498 3873 contactus
513 3810 751 3873 molecularum
766 3812 832 3873 vim
845 3812 930 3875 hanc
945 3813 1132 3879 mirabilem
1144 3816 1284 3896 pignam,

180 3912 243 3974 sed
263 3910 421 3990 arripiam
439 3909 470 3972 id
488 3926 602 3982 unum,
619 3908 708 3989 qnod
730 3928 769 3971 ex
790 3911 952 3991 ejusmodi
975 3912 1139 3993 positione
1156 3923 1273 3997 sponte

179 4009 421 4089 consequitur:
439 4007 594 4088 coniungi
611 4007 789 4071 moleculas
805 4009 876 4072 sine
894 4011 990 4090 huius
1010 4013 1058 4076 vis
1075 4014 1219 4094 intinxu;
1235 4032 1276 4077 ac
