2792 4600
214 298 279 362 tlt
669 315 842 361 ourotuen.

215 444 277 506 est,
295 431 443 493 idearum
460 428 650 510 hujusmodi
676 430 840 509 objectum
857 448 926 492 esse
943 448 1044 492 unum
1062 429 1227 511 idemque,
1244 430 1303 493 sed

215 527 662 592 diversimodeintellectum.
1324 588 1328 595 ,

256 631 291 693 2⁰
311 626 531 689 Confirmatur
545 645 676 708 quoque
692 628 905 707 quod‘contra
916 625 1139 690 distinctionis
1155 626 1307 689 virtualis

214 736 394 791 assertores
418 727 660 800 contendimus,
688 725 774 786 nihil
795 727 968 804 essequod
985 725 1304 805 praedicatacontra·

150 846 151 849 ’
216 828 356 889 dicteria
373 826 539 903 suscipere
553 827 665 905 possit.
678 824 757 886 Nam
774 824 896 886 animal
913 844 942 887 v.
961 842 1009 904 gr.
1029 826 1174 887 hominis
1190 844 1307 905 quarn-

215 926 264 987 vis
281 943 347 988 non
374 923 580 1005 concipiatur
595 936 630 985 ut
646 923 815 998 rationale,
839 933 947 985 tamen
965 923 999 983 in
1015 940 1051 985 re
1066 923 1225 984 rationale
1241 935 1302 995 est,

216 1024 364 1105 adeoque
386 1022 556 1084 rationalis
577 1021 751 1101 praedicata
773 1021 884 1082 omnia
908 1020 956 1082 illi
980 1021 1205 1097 conveniunt;
1233 1032 1264 1083 et
1286 1041 1305 1082 e

209 1140 383 1187 converso.

257 1221 289 1284 5⁰
305 1220 498 1294 Concludes,
524 1218 749 1298 praecisionem
768 1220 852 1280 hanc
864 1219 982 1282 merito
995 1218 1153 1300 appellari
1165 1238 1204 1281 ea
1215 1228 1309 1300 purte

215 1330 311 1393 actus,
327 1335 392 1380 non
406 1334 481 1378 vero
493 1315 687 1395 objectivam
701 1335 770 1378 esse
782 1326 836 1377 aut
858 1316 923 1378 dici
947 1335 1053 1397 posse.
1068 1316 1195 1396 Singuli
1213 1318 1305 1379 euim

217 1417 378 1502 praecisivi
396 1425 573 1493 conceptus
589 1433 692 1476 unum
710 1415 864 1496 idemque
883 1416 1047 1494 obiectum
1063 1432 1099 1478 ac
1112 1427 1216 1497 ,totam
1232 1420 1307 1494 ejus

216 1515 395 1578 realitatem
412 1514 587 1592 attingunt,
605 1513 754 1594 quamvis
766 1531 832 1577 non
847 1522 946 1577 totam
958 1514 1045 1577 clare
1056 1524 1306 1596 repraesentent,

212 1616 271 1678 sed
289 1633 326 1676 ex
343 1623 434 1694 parte
449 1613 548 1686 clare,
565 1632 603 1674 ex
619 1598 710 1693 parte
726 1613 877 1676 obscure.

645 1780 811 1827 turrentes
824 1781 877 1828 llll.

632 1895 648 1923 *
671 1895 883 1976 difficultates.

256 2014 328 2080 ato.
352 2012 519 2093 Objiciunt
554 2013 741 2075 lscotistae.
773 2013 1012 2076 attributiones
1040 2014 1308 2077 contradictoriae

141 2164 145 2171 .
212 2113 390 2176 convenire
406 2120 574 2193 nequeunt
589 2129 607 2172 a
623 2121 713 2191 parte
726 2112 786 2187 roi,
800 2112 865 2173 uisi
881 2112 1034 2191 subjectis
1050 2131 1123 2175 vere
1138 2113 1306 2178 distinctis

213 2222 290 2274 ante
318 2213 543 2292 operationem
574 2209 769 2273 intellectus.
800 2210 863 2273 Sed
893 2212 1028 2274 animali
1044 2233 1073 2275 v.
1091 2232 1140 2293 gr.
1157 2223 1187 2276 et
1202 2216 1308 2277 ratio·
1377 2254 1378 2283 2

212 2313 281 2374 nali
305 2312 450 2375 hominis
466 2311 676 2382 conveniunt,
693 2319 726 2374 et
742 2311 875 2391 quidem
892 2329 910 2372 a
926 2321 1016 2393 parte
1031 2312 1091 2390 rei,
1116 2313 1306 2376 attributio·

211 2429 271 2473 nes
286 2410 559 2473 contradictoria.
574 2408 672 2489 Ergo.
1376 2485 1377 2494 ἵ

255 2510 353 2573 Proh.
370 2510 452 2572 min.
471 2509 599 2571 Animal
616 2526 633 2571 a
648 2519 738 2590 parte
753 2508 798 2570 rei
818 2518 865 2570 est
887 2510 970 2573 ratio
996 2488 1176 2573 se'cundum
1200 2528 1302 2591 quam
1376 2499 1377 2520 ¹

213 2609 314 2671 horno
330 2617 378 2670 est
393 2608 513 2668 similis
530 2624 615 2687 equo
633 2624 641 2671 :
658 2607 819 2669 rationale
833 2625 910 2670 vero
932 2626 997 2670 non
1022 2617 1088 2686 est;
1106 2609 1173 2671 imo
1189 2595 1303 2689 potius
1375 2679 1376 2694 ἶ

212 2717 261 2768 est
275 2708 359 2769 ratio
375 2705 555 2768 secundum
579 2721 676 2786 quam
704 2704 812 2767 differt
834 2704 874 2768 ab
891 2705 960 2770 illo.
978 2705 1040 2769 Sed
1059 2706 1128 2769 haec
1143 2707 1208 2770 duo
1224 2716 1302 2769 sunt

211 2805 479 2870 contradictoria.
497 2806 594 2885 Ergo.

254 2906 350 2985 Resp.
369 2903 462 2967 Cone.
478 2903 573 2984 maj.,·
587 2922 657 2984 neq.
674 2904 752 2965 mitt.
765 2902 846 2965 Nam
862 2921 935 2967 cum
952 2913 1076 2985 aparte
1103 2906 1149 2968 rei
1176 2903 1300 2966 animal

211 3014 243 3068 et
259 3004 418 3067 rationale
440 3003 506 3065 sint
535 3022 600 3065 una
627 3003 807 3084 eademque
823 3021 885 3080 res,
906 3005 1070 3086 quidquid
1088 3024 1160 3068 vere
1176 3005 1216 3067 de
1231 2987 1302 3067 uno
1373 3063 1374 3070 ,

200 3104 345 3176 dicitur,
360 3103 399 3164 de
415 3104 516 3166 altero
532 3120 664 3182 quoque
679 3120 753 3163 cum
771 3103 904 3164 veritate
919 3102 985 3164 dici
1002 3089 1121 3165 dehet:¹
1236 3179 1253 3196 ..

218 3216 223 3224 ·
254 3203 301 3263 Ad
320 3201 414 3281 prob.
431 3199 524 3264 Cone.
551 3201 591 3262 lm
611 3210 694 3281 port.
711 3199 801 3282 maj„
820 3211 850 3263 et
864 3202 935 3264 dict.
964 3205 1004 3265 qm
1025 3213 1110 3283 port.
1129 3203 1302 3267 Rationale
1372 3275 1373 3278 Ἴ

212 3301 432 3363 hominisnou
442 3313 489 3361 est
497 3300 581 3361 ratio
589 3300 877 3381 secundumquam
893 3302 993 3365 homo
1008 3310 1055 3363 est
1067 3301 1186 3363 similis
1198 3320 1299 3383 equo,
1372 3293 1373 3306 ¹

212 3401 235 3461 i.
254 3418 283 3462 e.
300 3398 578 3480 quemadmodum
595 3399 679 3460 ratio
700 3399 888 3477 hujusmodi
913 3409 961 3463 est
976 3400 1111 3476 animal,
1128 3420 1216 3482 aeq.,·
1232 3400 1303 3463 alio

210 3498 323 3572 modo,
346 3506 444 3560 aaut.
473 3497 601 3560 Etenim
634 3497 791 3560 rationale
806 3518 823 3560 a
839 3511 929 3580 parte
944 3499 992 3561 rei
1009 3501 1096 3562 idem
1112 3509 1160 3564 est
1174 3519 1211 3563 ac
1226 3500 1300 3563 ani·

210 3597 274 3659 mal
294 3612 301 3659 ε
319 3595 466 3675 adeoque
482 3603 517 3658 ut
539 3594 638 3658 modo
661 3597 786 3658 dictum
809 3606 868 3672 est,
892 3600 1092 3661 conveniunt
1115 3598 1164 3661 illi
1188 3600 1325 3668 omnia¹

192 3713 195 3718 ·
211 3715 285 3777 quae
300 3695 432 3756 animali
451 3695 650 3757 conveniunt
664 3702 738 3758 ante
755 3696 939 3759 intellectus
954 3698 1192 3779 operationem.

253 3797 412 3858 Praeterea
440 3794 511 3855 diet.
538 3794 615 3855 min.
634 3794 707 3855 llaec
722 3785 788 3858 duo
803 3806 878 3857 sunt
894 3796 1159 3870 contradictoria,
1177 3796 1204 3859 si
1220 3798 1300 3860 alte-

210 3910 286 3954 rum
303 3899 397 3971 neget
411 3899 443 3952 et
460 3890 627 3954 hominem
643 3905 675 3953 et
696 3909 817 3971 equum
834 3911 903 3956 esse
918 3893 1051 3970 animal,
1065 3913 1171 3969 conc.,·
1187 3895 1214 3957 si
1231 3913 1300 3959 non

190 3999 319 4071 'negat
335 4008 423 4070 nepo.
440 3987 550 4051 Prima
565 3989 654 4096 enim
679 3991 863 4072 propositio
887 3991 1058 4060 hucredit
1075 4011 1083 4060 :
1109 3991 1184 4060 Tam
1208 3996 1305 4057 domo
