2792 4600
627 374 799 421 outonoctn.

616 487 782 569 intinctos
796 523 836 569 tv.

363 637 470 701 Utrum
484 637 646 698 multitudo
661 637 790 715 ittfinitu
804 644 875 696 uoto
889 654 947 694 esse
959 634 1067 714 possit.

122 794 125 801 ·
215 765 288 832 550.
314 767 497 829 Pnonositio
519 765 558 827 X.
582 764 746 828 Multitudo
763 771 834 824 octo
848 763 974 843 infinito
987 773 1149 843 repupuot.

218 867 249 926 l⁰
271 865 319 929 Sit
341 875 569 943 argumentum
596 864 628 925 S.
646 863 825 925 ilicone«
851 863 987 927 Omnem
1015 862 1262 924 multitudinem

177 987 193 1022 e
217 971 343 1043 oportet
358 981 426 1024 esse
443 963 476 1023 in
493 963 602 1041 aliqua
618 962 727 1041 specie
751 960 986 1022 multitudinis.
1003 959 1136 1040 Species
1152 972 1260 1022 autem

178 1087 193 1123 ι
218 1062 523 1125 multitudinissunt
536 1060 717 1122 secundum
730 1056 1193 1138 speciesuumerorum.Nulla
1204 1076 1260 1121 au·

177 1186 192 1222 ‹
217 1172 282 1224 tem
298 1162 423 1242 species
439 1160 625 1222 numeriest
640 1157 874 1237 infinita3quia
892 1157 1034 1237 quilibet
1045 1175 1201 1219 numerus
1214 1166 1262 1218 est

176 1286 192 1319 ι
217 1261 393 1325 multitudo
410 1271 594 1321 mensurata
611 1276 784 1338 perunum
799 1261 847 1334 lt).

215 1360 248 1422 90
270 1362 528 1439 supponatur-ex
545 1355 705 1417 unitatum
716 1355 980 1416 accumulatione
993 1354 1171 1417 multitudo
1187 1352 1262 1415 inli-

175 1460 254 1523 nita.
272 1461 344 1521 Haec
359 1457 421 1519 erit
433 1473 590 1517 numerus
607 1454 767 1529 infinitus,
785 1454 994 1535 aequabitque
1009 1471 1179 1517 numerum
1202 1453 1261 1532 qui

173 1557 283 1638 ipsum
308 1552 495 1616 immediate
523 1552 688 1633 praeeedit·
707 1552 831 1613 unitate
857 1552 990 1630 adjecta.
1007 1551 1077 1613 lam
1105 1539 1264 1613 numerus

173 1654 480 1737 praeoedenseratne
495 1651 655 1725 infinitus,
665 1668 706 1712 an
719 1668 794 1713 veno
807 1668 873 1713 non
890 1651 1151 1715 eratllnfinitum
1165 1651 1262 1713 illum

174 1753 283 1816 dicere
299 1771 365 1816 uon
383 1759 491 1832 potes;
506 1769 580 1813 nam
597 1743 860 1812 creseere'adhuo
873 1758 1010 1830 poterat,
1022 1769 1058 1813 ac
1074 1751 1181 1830 reipsa
1193 1768 1262 1812 cre·

174 1850 219 1913 vit
230 1850 398 1912 additione
415 1850 559 1912 unitatis.
577 1848 653 1910 Erat
668 1865 745 1929 ergo
762 1848 885 1921 finitos,
900 1857 930 1909 et
942 1848 1064 1911 unitate
1076 1848 1197 1923 addita,
1212 1847 1261 1908 ln·

174 1959 244 2013 ctus
258 1960 305 2012 est
317 1948 650 2012 infinitusNimirum
664 1966 702 2009 ex
714 1947 844 2010 duobus
857 1946 958 2008 finitis
971 1947 1137 2009 inlinitum
1155 1964 1262 2009 emec·

174 2049 232 2125 sit;
250 2049 281 2110 io
300 2048 387 2128 quod
404 2048 582 2110 absurdum
596 2055 643 2108 est
660 2045 744 2124 (549,
761 2049 858 2126 Prop.
872 2044 937 2121 Ν).

214 2146 247 2207 5⁰
270 2148 304 2208 ln
322 2146 533 2208 multitudine
545 2144 1097 2207 infinitaeumutusunitatumeene
1111 2144 1262 2206 infinitus

173 2257 231 2308 est.
248 2248 288 2309 At
303 2243 566 2307 centenariorum
586 2262 616 2306 v.
634 2261 682 2324 gr.
701 2261 774 2325 quae
790 2244 824 2306 in
852 2244 914 2307 hoo
931 2243 1095 2306 unitatum
1122 2242 1258 2307 cumulo

172 2344 393 2416 continentur,
412 2341 502 2404 finita
519 2360 559 2403 ne
572 2343 750 2406 multitudo
765 2329 824 2418 est,
839 2361 879 2404 an
896 2361 971 2406 vero
989 2343 1136 2406 infinita?
1152 2343 1260 2405 Finita

173 2460 242 2506 esse
254 2443 379 2521 nequit,
389 2441 579 2503 secusenim
593 2441 694 2502 finitis
702 2442 948 2521 acceptionibus
958 2442 1124 2504 infinitum
1136 2444 1260 2504 exhau-

155 2540 231 2602 vriri
249 2547 365 2621 posset.
383 2537 438 2600 Est
452 2556 529 2617 ergo
538 2532 802 2601 centenariorum
811 2540 988 2602 multitudo
1003 2540 1261 2604 intinitallinor

172 2658 224 2708 ne.
241 2657 281 2700 au
298 2639 432 2719 aequalis
448 2638 652 2700 multitudini
670 2638 852 2700 unitatum?
868 2636 1017 2700 Proiecto
1034 2639 1155 2702 minor.
1172 2638 1260 2719 Engo

171 2738 267 2800 datur
282 2737 459 2799 multitudo
476 2736 603 2798 infinita
617 2737 727 2799 minoi·
742 2736 1063 2798 alteramultitudine
1075 2736 1214 2810 infinita,
1226 2747 1258 2798 et

170 2837 306 2919 quidem
324 2836 357 2898 in
380 2836 496 2898 eodem
512 2854 629 2916 genere
647 2836 776 2898 numeri
791 2835 942 2898 abstracti
972 2837 1053 2914 (549,
1072 2837 1169 2918 Prop.
1188 2835 1273 2913 111).-

211 2934 282 2999 etl.
308 2936 509 2997 Conuiuium.
528 2934 567 2995 1¹¹¹
582 2935 752 3014 Repugnat
767 2952 834 2997 non
850 2937 957 2996 solum
975 2935 1152 2998 multitudo
1180 2937 1256 2998 infi-

171 3034 238 3096 nita
255 3035 459 3107 simultauea,
476 3033 532 3095 sed
554 3034 651 3095 etiam
667 3033 868 3110 successiva;
887 3037 908 3097 i.
926 3053 955 3099 e.
973 3039 1074 3098 series
1100 3054 1255 3117 quaecun-

170 3151 236 3214 que
250 3142 323 3194 actu
339 3131 479 3194 infinita.
494 3129 574 3194 Nam
587 3132 764 3213 utrobique
777 3133 889 3195 eadem
902 3134 1055 3197 absurda.

211 3231 250 3293 2¹³
271 3231 355 3293 llinc
367 3241 397 3292 et
413 3241 541 3311 tempus
556 3232 643 3294 reale
657 3242 731 3294 ectu
744 3231 910 3293 inlinitum
924 3222 1094 3315 repugnat.
1104 3235 1256 3298 Estenim

169 3341 299 3411 tempus
314 3330 401 3392 reale
417 3329 516 3392 series
533 3331 752 3394 mutationum
768 3332 918 3394 realium.

209 3430 250 3493 δ”·
271 3428 366 3492 Nulla
386 3428 532 3492 extensio
559 3430 667 3501 realis,
685 3447 792 3509 neque
818 3429 844 3491 si
873 3430 1030 3493 contiuua
1055 3433 1108 3507 sit,
1127 3433 1257 3496 infinita

168 3547 239 3592 csse
253 3538 370 3610 potest.
387 3528 467 3591 Nam
494 3528 603 3589 omnis
628 3528 773 3591 extensio
798 3528 896 3591 realis
922 3529 956 3590 iu
982 3531 1125 3610 partium
1141 3532 1256 3595 saltem

170 3628 378 3711 possibilium
405 3627 652 3689 multitudinem
668 3627 822 3689 distincta
837 3628 967 3709 concipi
996 3623 1114 3710 potest.
1132 3632 1254 3694 llanum

168 3737 275 3787 autem
290 3724 467 3786 multitudo
483 3723 624 3805 partium
638 3743 676 3785 ex
688 3742 850 3787 mensumn
864 3725 896 3787 iu
909 3727 1067 3789 unitatem
1080 3738 1255 3810 assumptae

151 3822 396 3904 ‘magnitudine
412 3823 544 3902 pendet.
554 3822 609 3884 llae
625 3822 725 3903 igitur
740 3831 858 3903 partes,
873 3822 958 3886 uluae
972 3842 1002 3887 v.
1013 3842 1062 3905 gr.
1072 3835 1127 3888 aut
1142 3830 1256 3906 pedes,

168 3939 241 4003 quae
268 3923 302 3982 in
327 3920 516 3983 extensione
531 3914 603 3982 actu
631 3920 759 3982 infinita
787 3931 862 3984 sunt
877 3940 991 3986 omues
1019 3934 1105 4000 actu,
1122 3940 1198 3987 sunt
1214 3942 1256 3987 ne

169 4046 172 4053 ’
198 4052 230 4108 (t)
244 4049 309 4097 Sum·
321 4048 352 4095 tlt.
365 4063 388 4108 p·
399 4051 412 4096 1
423 4062 447 4109 q·
457 4049 508 4097 vn.
520 4057 568 4097 art:
578 4050 619 4100 lv.
