2792 4600
495 428 581 472 risun
604 428 723 483 nutrius,
750 428 842 473 ulons
865 430 886 473 r.
1177 412 1237 476 209

149 552 242 624 aptae.
260 544 349 607 ilitio
365 553 478 606 caetera
508 554 600 626 aeque
632 544 840 626 hypothetica
856 559 887 608 et
902 545 1088 622 arbitraria,
1106 566 1179 627 quae
1195 548 1236 608 ad

150 660 219 703 rem
236 661 300 705 non
318 642 452 706 iaciunt.
737 645 747 664 ⁶

191 730 242 803 di.
278 737 460 804 G‘assendus
493 741 684 804 arbitrarius
719 743 915 823 hypotheses
938 752 969 806 et
992 744 1237 824 imaginationis

150 838 302 918 figmenta
324 840 503 903 studiosius
520 841 701 915 declinans,
719 851 863 904 veterum
879 844 1012 929 vestigia
1027 844 1171 923 pressius
1186 862 1236 905 se·

149 945 244 998 cutus
260 937 362 1000 estis
379 939 490 1000 statuit
505 955 682 1018 corporum
707 940 822 1002 ultima
837 941 995 1003 clementa
1023 959 1094 1004 esse
1120 959 1237 1021 corpu·

147 1036 239 1096 scula
254 1034 370 1109 solida,
389 1036 652 1129 impenetrabilia
669 1037 872 1119 naturaliter,
897 1047 994 1118 atque
1010 1038 1234 1114 indivisibilia,

151 1134 354 1222 homogenea
380 1134 487 1214 quoad
503 1130 688 1209 essentiam,
707 1135 933 1215 magnitudine
959 1147 1065 1199 tamen
1082 1156 1119 1199 ao
1134 1137 1237 1216 ligura

150 1232 299 1309 diversa;
318 1249 382 1294 non
401 1233 529 1295 infinita
546 1251 693 1305 numero,
718 1234 773 1295 sed
791 1234 893 1297 linita.
920 1236 994 1298 Haec
1009 1254 1027 1296 a
1043 1236 1108 1298 lieo
1131 1245 1237 1298 creata

149 1331 184 1394 in
201 1349 312 1393 rerum
328 1331 424 1393 initio
440 1350 506 1395 non
522 1343 667 1412 separata
683 1334 769 1395 inter
784 1352 830 1409 se,
848 1334 953 1396 sedin
970 1334 1124 1397 minimas
1139 1352 1235 1416 quas-

148 1431 223 1493 dem
241 1430 419 1493 moloculas
434 1431 618 1510 coniuncta,
637 1449 709 1511 quae
726 1443 802 1493 sunt
827 1449 1004 1513 corporum
1027 1431 1235 1495 sensibilium

148 1530 322 1594 elementa.
339 1527 383 1590 Ex
412 1529 461 1590 his
484 1528 655 1590 moloculis
671 1528 751 1591 alias
766 1547 836 1591 esse
851 1527 988 1592 omnino
1004 1531 1141 1605 similes,
1159 1533 1236 1611 qnia

149 1649 189 1691 ex
206 1628 371 1691 similibus
397 1627 514 1690 atomis
543 1640 720 1707 compactae
750 1627 919 1708 similique
947 1636 1088 1706 textura3
1104 1629 1237 1693 aliasex

146 1730 303 1810 opposito
320 1728 509 1790 dissimiles.
527 1726 572 1789 lix
588 1727 761 1790 moloculis
785 1727 973 1806 hujusmodi
984 1729 1088 1791 simul
1104 1747 1237 1810 compo·

148 1831 234 1905 sitis,
251 1828 361 1890 uacuis
386 1827 533 1907 spatiolis
563 1827 778 1905 interpositis,
795 1825 876 1889 oriri
892 1844 1050 1906 corpora;
1066 1846 1105 1889 ex
1117 1826 1236 1890 simili·

149 1929 212 1991 bus
227 1927 448 1999 elementaria,
463 1944 500 1987 ex
516 1923 734 1986 dissimilibus
757 1923 867 1987 mixta.
886 1923 1116 1988 Generationes
1128 1936 1235 1989 autem

4 2043 7 2064 ¹
108 2024 110 2027 ⁴
144 2042 308 2101 ¹novorum
340 2042 516 2104 corporum
550 2032 582 2084 et
613 2026 842 2102 corruptiones
871 2020 1050 2092 mutatione
1072 2027 1237 2105 composi·

148 2117 250 2188 ti‘onis
266 2123 367 2200 effici;
384 2141 456 2203 quae
472 2121 507 2184 fit
520 2122 569 2184 vel
587 2122 843 2203 transpositione
866 2129 1063 2198 atomorum,
1080 2124 1128 2186 vel
1142 2125 1236 2187 addi·

149 2225 252 2298 tione,
270 2225 318 2285 rel
335 2221 548 2284 detractione.
643 2215 648 2223 “

192 2322 243 2386 28.
261 2323 334 2385 Haec
349 2329 457 2383 autem
473 2320 585 2382 omnia
607 2320 790 2382 Gassendus
803 2318 873 2380 fieri
887 2320 1083 2383 existimavit
1094 2341 1152 2403 per
1166 2341 1237 2388 mo·

150 2433 217 2485 tum
233 2422 369 2484 localem
392 2419 538 2482 atomisa
555 2420 621 2482 Deo
637 2419 792 2492 inditum,
810 2437 888 2499 quo,
903 2428 1062 2499 quantum
1074 2434 1122 2484 est
1137 2443 1175 2485 ex
1190 2443 1236 2500 se,

151 2522 306 2584 deorsum
328 2519 492 2583 ferrentur
513 2518 552 2579 ad
565 2527 569 2537 ·
576 2516 804 2599 perpendiculi
821 2517 1054 2596 directionem
1072 2519 1116 2582 ita
1131 2529 1238 2584 tamen

150 2622 187 2684 ut
203 2638 340 2701 quaeque
356 2628 483 2681 atomus
498 2635 534 2680 ex
550 2617 684 2679 alterius
710 2616 920 2697 percussione
936 2618 1116 2680 secuudum
1134 2620 1240 2684 diver·

150 2737 204 2782 sas
220 2717 418 2780 directiones
436 2716 558 2778 moveri
576 2721 696 2795 posset.
714 2712 759 2775 Er
784 2715 835 2774 his
857 2714 1001 2776 motibus
1018 2714 1146 2779 reflexis
1161 2736 1239 2781 oon-

152 2818 259 2897 tingit,
283 2826 409 2878 atomos
435 2814 573 2875 invicem
600 2811 748 2892 colligari
765 2820 796 2874 et
811 2812 974 2888 connecti,
992 2831 1030 2875 ex
1047 2814 1154 2895 iisque
1170 2836 1239 2880 mo·

153 2917 275 2978 leculas
291 2925 322 2976 et
334 2930 472 2993 corpora
487 2912 653 2990 componi.

195 3010 328 3077 Newtou
358 3007 558 3072 mechanicis
582 3009 671 3070 bisce
694 3007 893 3088 impulsibus
915 3026 952 3070 ac
975 3010 1119 3072 motibus
1141 3020 1238 3074 attra-

152 3113 310 3188 ctionem,
327 3129 383 3172 seu
399 3109 645 3189 gravitationem
660 3109 876 3170 universalem
894 3107 1074 3170 substituit.

196 3209 248 3273 ⁶29.
273 3208 310 3270 ln
328 3208 378 3269 bis
394 3207 549 3270 omuibus
578 3206 754 3287 quamdam
780 3204 927 3267 alomicae
943 3206 1103 3268 doctrinae
1127 3205 1242 3288 prope·

154 3311 291 3372 modum
308 3304 477 3367 infantiam
495 3305 603 3367 videre
619 3313 678 3366 est.
696 3304 755 3367 Cui
769 3321 883 3383 parum
900 3304 1035 3365 accessit
1048 3304 1240 3369 incrementi

154 3426 196 3469 ex
217 3405 478 3467 alchimistarum
501 3421 538 3464 ac
562 3402 791 3483 primariorum
813 3402 1032 3464 cbimicorum
1056 3406 1242 3466 tentamini·

154 3502 1243 3589 busdtbisalremineoquodrelictishypothesibusetratiocinijs

154 3627 174 3669 a
192 3607 308 3687 priori,
325 3605 560 3685 experientiam
575 3603 827 3676 consuluerunt,
845 3603 976 3691 unicam
992 3602 1083 3663 illam
1099 3602 1244 3667 inierdiit

156 3708 255 3779 viam,
272 3695 391 3785 quaad
406 3704 572 3766 veritatem
591 3704 651 3766 hac
676 3702 710 3763 iu
737 3718 772 3763 re
797 3699 952 3764 accedere
980 3701 1080 3764 bomo
1106 3714 1244 3782 poterat.

155 3806 201 3871 Ut
213 3815 322 3867 autem
339 3798 479 3885 perlecta
495 3812 542 3864 est
557 3803 698 3865 cbimica
715 3802 867 3882 analysis,
896 3799 1032 3881 ejusque
1058 3801 1246 3881 productio·

156 3921 217 3966 nes
241 3901 325 3964 libra
354 3900 551 3982 ponderate,
583 3918 736 3962 mensura
760 3898 902 3961 defiuitae
921 3907 1007 3972 sunt,
1025 3906 1102 3960 tunc
1117 3903 1247 3966 tandem

156 4002 201 4064 de
228 4010 343 4061 natura
370 4016 547 4079 corporum
563 3998 689 4078 aliquid
708 3997 787 4058 certi
803 4004 945 4057 statuere
961 3994 1073 4056 datum
1088 4007 1146 4060 est.
1164 4001 1247 4063 lliuc

156 4096 381 4162 recentiorum
398 4097 625 4159 atomistarum
641 4094 791 4157 doctrina
803 4111 821 4154 a
833 4092 1051 4155 cbimicorum
1065 4097 1250 4163 conclusio·
