2792 4600
115 492 117 496 ·
173 409 235 473 utu
665 425 769 476 runnu·

175 538 520 597 Ann.ll.1tennndiinitia.
530 540 583 609 Qui
594 540 651 596 siut
660 540 757 596 mnudi
767 540 863 595 aeterni
874 548 1039 595 assertores.
1047 538 1129 594 Puor.
1140 537 1188 592 ill.

251 618 385 683 manifeste
399 624 519 669 errarunt
543 620 683 683 quicunqne
696 618 795 680 opinati
816 622 876 668 sunt
898 616 1029 678 mundam,
1044 614 1191 666 neumandi

252 691 388 743 materiam
402 692 543 743 necessario
557 693 808 753 essesenpiternum‚
817 692 837 742 ι’.
847 704 871 742 ι.
880 691 936 741 sine
946 690 1091 741 enittentie
1102 689 1189 740 initia

252 762 397 817 Necenim
418 763 533 819 materia
552 763 668 833 requirit
682 772 712 817 ut
725 771 835 817 creetur
847 770 975 816 eetertm
964 776 1042 816 nec
1054 759 1081 814 ιιι
1096 759 1189 814 diviua
1259 793 1261 798 -

254 847 352 891 natura
366 838 496 906 postulat
512 837 629 891 Maxima
653 836 879 906 philosophorum
895 850 959 905 pars
973 850 1082 904 semper
1095 832 1191 888 muudi

255 911 436 966 aeternitatem
450 912 559 983 negavit
576 947 1189 964 ........
1211 899 1267 958 527

179 984 248 1039 Ans
264 983 311 1037 ill.
329 953 529 1052 serotinam&
535 989 611 1050 jecta.
628 983 705 1038 Actio
716 982 766 1037 Dei
780 993 822 1038 est
834 991 947 1036 eterna
953 982 1026 1036 Deus
1030 981 1096 1050 ‚qui
1110 990 1192 1035 aeter·

254 1073 309 1113 uus
322 1069 376 1123 est,
387 1068 430 1113 est
443 1073 525 1113 causa
536 1056 677 1112 sufficiens
690 1057 798 1120 usundi,
813 1071 900 1126 enque
912 1055 1123 1124 perfectissima.
1136 1054 1191 1108 Re-

257 1146 318 1186 rum
340 1142 448 1190 creator
470 1131 544 1186 iiens
563 1140 606 1185 est
623 1146 734 1200 semper
756 1129 841 1185 idem.
856 1129 975 1184 Mundus
995 1143 1050 1183 nou
1070 1139 1191 1183 aeteruus

256 1215 432 1278 puguatcum
446 1204 553 1259 infinita
568 1205 615 1259 Dei
629 1205 762 1260 bonitate.
778 1204 898 1272 Tempus
912 1213 954 1257 est
967 1202 1190 1272 sempiternum:

256 1279 363 1333 nullum
378 1288 469 1333 antem
483 1287 592 1347 tempus
606 1278 666 1334 siue
679 1280 763 1333 rebus
780 1277 970 1332 mutabilibus.
986 1275 1192 1346 Responsioues

259 1352 445 1422 subjiciuntur
490 1389 1190 1406 .........
1214 1344 1268 1398 529

182 1423 250 1482 Aur.
265 1426 308 1479 tv.
325 1430 362 1479 De
375 1430 462 1479 mnndi
474 1430 752 1491 aternirepapnantia.
768 1424 854 1495 liujus
868 1424 1066 1479 controversie
1078 1423 1155 1494 origo
1166 1431 1195 1478 et

257 1508 394 1555 auctores.
410 1500 491 1554 Paos.
508 1499 552 1554 lt'
566 1501 674 1553 litandus
687 1500 720 1555 ad
732 1507 827 1553 aterne
839 1502 954 1552 conditus
967 1499 1105 1552 intrinsece
1118 1500 1194 1562 'repu-

256 1582 328 1638 pant
344 1574 413 1627 Nam
428 1577 455 1627 ιο
469 1572 498 1628 Si
513 1575 633 1628 mitudus
647 1589 758 1643 semper
776 1572 885 1636 luisset,
900 1572 1032 1626 existeret
1045 1569 1193 1625 multitudo

258 1657 319 1702 actu
343 1646 472 1700 inimita-
488 1658 622 1719 repugna
634 1658 726 1703 autem
741 1645 887 1701 urultitudo
901 1657 962 1700 actu
978 1646 1095 1709 infinita,
1110 1645 1195 1699 etiam

258 1722 425 1775 successiva.
429 1721 548 1787 Adhuc,
556 1738 578 1775 st
572 1721 708 1775 rutundus
717 1719 943 1790 scrrrperluisset
947 1718 1083 1773 tttstmtum
1092 1717 1195 1772 erlian

257 1794 314 1847 rim
317 1807 383 1847 tur·
395 1792 502 1848 instruito
517 1793 728 1879 fieretquotidie
744 1793 1043 1849 additio-haberetur
1056 1790 1195 1846 infinitum

257 1867 366 1922 infinito
380 1868 527 1938 majus-2⁰
538 1868 691 1933 Ursatio,
670 1885 693 1923 si
709 1868 817 1937 passive
830 1876 981 1936 spectatur,
996 1865 1129 1935 temporis
1142 1864 1196 1918 ini-

257 1941 327 1997 tium
343 1941 428 2009 pouit.
446 1941 474 1996 Si
490 1942 610 1996 ntuudus
627 1953 748 1996 aeternus
762 1950 816 2007 est,
831 1940 936 1996 tollitur
949 1940 1099 1995 discrimen
1114 1953 1196 1993 omne

257 2014 330 2068 inter
353 2014 520 2068 creationem
535 2024 561 2070 et
573 2016 821 2070 conservationem.
837 2014 1005 2069 Conuiuium
1021 2029 1027 2067 :
1042 2012 1194 2067 AEtemitas

258 2088 346 2143 solius
358 2088 405 2141 liei
418 2088 528 2157 propria
539 2099 580 2143 est
602 2088 794 2160 Repuguautia
805 2088 902 2142 mundi
912 2088 1009 2142 aeterni
1021 2088 1152 2157 probatur
1161 2102 1196 2140 ex

258 2171 336 2232 parte
347 2162 434 2231 ipsius
446 2162 553 2216 muudi.
563 2163 680 2216 Mundus
692 2172 874 2216 aeternusuou
887 2161 974 2231 potuit
984 2177 1047 2216 esse
1056 2160 1194 2216 terminus

259 2235 371 2289 virtutis
383 2235 494 2289 divinae.
510 2236 599 2290 Etiam
611 2247 745 2296 creatura.
759 2236 851 2307 inqua
866 2236 941 2290 nulla
955 2244 1030 2290 esset
1043 2234 1195 2302 successim

244 2318 434 2365 ·aeter11aesse
445 2326 499 2365 nou
513 2321 617 2380 posset.
628 2309 746 2365 lluudus
759 2310 869 2380 proprie
877 2310 931 2365 dici
942 2309 1038 2380 nequit
1046 2318 1156 2364 creatus
1166 2309 1197 2362 iu

258 2393 393 2452 tempore,
409 2385 457 2438 sed
471 2399 534 2438 cum
548 2394 681 2454 tempore.
698 2383 758 2452 Quo
771 2399 855 2439 sensu
869 2383 924 2439 dici
938 2383 1037 2453 possit,
1049 2384 1135 2438 Deum
1147 2397 1197 2452 po-

259 2457 347 2511 tuisse
361 2457 493 2512 erundum
508 2473 600 2513 creare
614 2459 692 2528 prius
752 2496 1195 2513 ......
1218 2454 1273 2509 553

488 2546 602 2594 CAPUT
621 2548 665 2594 ut.
682 2549 722 2594 Du
738 2559 824 2595 uuum
842 2558 963 2595 ourrtcto.

183 2623 253 2680 Aur.
269 2622 289 2678 l.
308 2628 377 2680 Unde
402 2626 437 2678 sit
462 2641 546 2678 rerum
572 2629 702 2680 distinctio
725 2635 800 2692 atque
825 2629 895 2680 orda.
912 2625 995 2680 Pnor.
1016 2623 1038 2679 i.
1061 2620 1197 2689 Carporum

259 2702 450 2752 mundanorum
471 2702 601 2753 distinctio
626 2708 651 2753 ιι
676 2705 737 2753 anda
762 2716 777 2753 a
800 2704 851 2752 Deo
873 2707 911 2753 est
936 2702 1049 2753 materie
1074 2706 1198 2753 creatore.

260 2771 395 2826 Probatur
408 2787 443 2826 ex
452 2772 609 2828 divinorum
620 2788 734 2842 operum
747 2772 864 2828 tine-ex
874 2773 997 2828 dominio
1007 2773 1119 2827 lici-ex
1129 2787 1198 2826 cou-

258 2845 461 2900 sideratioue
438 2846 537 2899 virium
549 2848 751 2901 rtratcrtaliunt-
756 2862 790 2901 ex
802 2847 968 2902 necessitate
982 2847 1130 2916 primitivae
1143 2844 1197 2900 ali-

261 2918 341 2987 cujus
365 2918 581 2988 dispositionis·
569 2932 790 3005 -excorporuut
805 2921 998 2993 organicorum
1022 2920 1194 2975 formatione

262 2991 493 3046 Excluduntur
469 3009 542 3047 vues
556 2994 679 3063 plastice
690 2994 812 3049 maoeriae
822 2990 1010 3060 elementaris,
1019 3004 1046 3048 et
1055 2993 1197 3066 generatio

260 3075 411 3133 spontanea
495 3107 1194 3123 .........
1217 3066 1271 3120 559

184 3138 254 3197 Aur.
272 3139 305 3193 ll.
321 3144 357 3191 De
376 3143 446 3193 nanda
469 3149 494 3192 et
511 3145 599 3193 urdine
612 3157 659 3206 qun
672 3146 780 3194 nundus
798 3150 835 3195 est
848 3146 973 3195 conditus.
989 3141 1101 3211 Triplex
1114 3139 1198 3211 liujus

261 3213 424 3282 qtruestiouis
450 3214 590 3268 solvendae
616 3214 870 3270 methodus‘Paor.
889 3215 921 3269 ll.
937 3219 1024 3268 Mundi
1046 3216 1197 3269 constitutio

259 3290 492 3352 inundanerumpne
511 3304 645 3361 corporum
670 3291 776 3352 malitia,
795 3297 852 3354 post
868 3298 979 3342 mentam
1002 3305 1018 3341 a
1040 3293 1092 3342 Dea
1116 3296 1197 3341 mate·

260 3365 337 3425 ιιιιιι,
351 3364 431 3423 ipsius
452 3366 566 3414 materia
578 3366 673 3415 uiribus
687 3366 817 3416 canantissa
829 3364 910 3430 fnisse
926 3366 1042 3426 videtum
1056 3367 1094 3415 ita
1107 3370 1196 3416 tannen

260 3442 288 3486 ut
307 3438 407 3486 diuirtns
430 3438 516 3501 opisen
531 3437 558 3489 ιο
570 3439 757 3501 sapientissima
783 3445 922 3490 aturnurnm
943 3440 1113 3489 materialium
1140 3440 1195 3489 dis·

256 3511 383 3573 positione
405 3512 562 3562 uenatione
584 3525 680 3562 ominem
705 3511 854 3577 futurarum
876 3512 1079 3563 vicissitudinum
1099 3514 1194 3583 seriem

259 3585 466 3634 determinaverit
492 3598 522 3635 ac
538 3587 734 3648 praeparaverit,
750 3591 776 3636 ιι
788 3587 820 3636 ad
832 3586 958 3636 intentum
971 3588 1047 3647 tinem
1059 3585 1195 3637 ardinnae·

256 3659 308 3718 rit;
323 3655 352 3708 ιθ
365 3659 508 3709 immediate
521 3665 639 3720 operatus
649 3661 682 3709 sit
694 3661 721 3708 in
730 3660 881 3720 plantarum
893 3666 919 3710 et
933 3659 1111 3720 animantium,
1125 3663 1193 3711 mui-

257 3737 330 3793 taquc
341 3734 421 3793 munis
430 3733 457 3781 in
470 3732 579 3783 numinis
591 3733 753 3798 formatione.
761 3731 900 3785 Potuisset
908 3731 979 3784 licus
990 3746 1045 3785 uno
1054 3742 1194 3786 motueuto

255 3801 498 3871 mundiopiticium
504 3803 648 3872 perlicere
658 3803 698 3857 vel
706 3803 998 3859 lrocmateritcviribus
1008 3804 1190 3860 committere

255 3875 334 3931 Ratio
355 3875 462 3940 suadet,
478 3877 574 3931 mundi
593 3877 763 3932 molitionem
782 3887 887 3932 naturae
907 3877 1013 3933 viribus
1027 3877 1192 3948 permissam

252 3964 328 4016 esse,
343 3964 375 4004 ac
395 3950 476 4022 longo
500 3952 634 4020 temporis
649 3951 793 4006 intervalia
817 3951 992 4034 perlectam-
980 3951 1033 4006 -id
1050 3952 1193 4024 geologica

252 4023 369 4077 scientia
383 4024 553 4093 comprobat.
569 4025 721 4080 terrestris
735 4024 847 4080 corticis
866 4025 1014 4079 summarie
1029 4025 1190 4095 descriptio,

250 4109 284 4149 ae
291 4095 439 4167 geologicie
448 4097 642 4153 conclusiones
651 4097 808 4181 praecipuae.
813 4097 936 4169 ldipsutu
944 4098 1067 4153 oninium
1076 4099 1192 4171 pupulo-
