2792 4600
469 376 556 423 crana
575 376 738 436 sneunnus,
761 376 853 424 carm
875 378 897 425 r.
1040 391 1045 398 1
1180 364 1239 428 ast

148 496 185 550 et
204 487 414 552 Anaxarchus
437 487 562 570 opinati
591 498 677 565 sunt,
706 489 818 552 lunam
845 508 882 553 ac
902 489 1046 572 planetas
1067 499 1242 574 terraqueo

151 584 231 649 huic
251 586 350 667 giobo
378 587 502 654 similes
532 606 613 663 esse,
638 606 675 651 ac
703 589 887 652 viventibus
914 590 1069 655 refertos:
1093 590 1239 673 idipsum

146 683 239 747 inter
260 687 458 750 recentiores
478 686 646 750 contendit
671 687 893 751 Fontenellius
910 690 958 767 (r).
977 687 1043 752 lmo
1059 707 1125 752 non
1143 690 1240 771 pauci

144 802 190 847 ex
203 784 243 847 iis
258 785 316 866 qui
331 795 465 849 censent
480 786 590 850 stellas
606 805 675 851 esse
691 787 829 850 totidem
843 787 929 852 soles
941 789 1010 851 suis
1025 787 1165 870 planetis
1180 789 1243 853 sti·

145 894 253 963 patos,
273 885 333 949 bos
348 904 480 969 qnoque
503 886 648 969 planetas
670 886 910 953 habitatoribus
926 886 1054 950 homini
1071 887 1237 953 similibus

143 973 218 1063 esse
234 983 326 1047 sedes
341 983 511 1049 attributas
526 984 717 1067 opinantur.

190 1102 282 1168 '252
297 1102 426 1169 Erraret
442 1105 586 1186 prolecto
603 1105 659 1187 qni
674 1106 759 1169 hanc
773 1106 963 1189 opinionem
977 1113 1096 1168 certam
1112 1123 1235 1168 assere·

143 1211 221 1276 ret;
248 1202 302 1264 sed
326 1211 448 1266 erraret
474 1203 557 1268 lorte
579 1221 644 1267 non
671 1203 781 1267 minus
803 1205 859 1286 qui
880 1223 950 1266 eam
981 1204 1089 1285 primo
1113 1203 1235 1266 intuitu

143 1301 401 1381 improbabilem
413 1300 587 1384 judicaret.
618 1301 697 1366 Eam
714 1321 856 1385 namque
877 1304 1015 1366 suadent
1032 1304 1063 1365 1ο
1076 1302 1234 1383 analogiae

142 1398 256 1480 plures
271 1399 358 1462 inter
380 1407 499 1464 terram
522 1410 553 1467 et
568 1401 725 1484 planetas.
749 1403 833 1466 Sane
848 1413 880 1465 et
895 1401 1009 1465 eadem
1024 1412 1071 1464 est
1088 1401 1233 1482 planeta·

141 1516 219 1562 rum
243 1518 280 1562 ac
309 1509 400 1565 terrm
425 1501 539 1582 ligura,
561 1501 648 1565 idem
674 1510 722 1564 est
737 1511 856 1577 motus,
873 1509 938 1564 tam
955 1500 1128 1563 rotationis
1143 1501 1232 1562 cirea

141 1599 315 1679 proprium
331 1616 435 1675 axem,
450 1618 548 1680 quam
564 1599 788 1664 translationis
803 1600 890 1663 circa
902 1599 1018 1663 solem.
1034 1597 1117 1661 Sunt
1133 1600 1230 1662 etiam

142 1699 181 1760 in
209 1696 347 1777 planetis
370 1709 509 1773 montes,
535 1698 647 1773 valles,
665 1717 702 1761 ac
722 1699 846 1775 maria;
864 1699 898 1761 in
915 1696 1085 1763 nonnullis
1101 1698 1230 1761 athmo-

138 1795 280 1879 sphaere
310 1814 442 1878 quoque
472 1796 595 1860 indicia
624 1797 938 1878 deprehenduntur:
969 1812 1111 1875 cumque
1146 1803 1232 1858 terra

139 1913 246 1961 unum
272 1895 390 1959 habeat
415 1895 587 1959 satellitem
603 1896 626 1959 i.
644 1915 673 1960 e.
693 1897 817 1971 lunam,
836 1914 909 1978 qna
925 1905 1036 1958 noctes
1051 1893 1228 1967 illuminat,

139 1995 282 2078 planetis
303 2013 320 2056 a
343 1996 411 2059 sole
435 1996 668 2060 remotioribus
694 2014 760 2061 non
782 2014 867 2059 unus
883 2004 1020 2070 tantum,
1044 1992 1099 2056 sed
1117 1992 1228 2073 plures

135 2094 296 2159 satellites
311 2094 459 2157 attributi
475 2103 562 2158 sunt.
578 2096 694 2159 Nonne
710 2115 746 2158 ex
764 2095 815 2156 bis
831 2092 987 2158 omnibus
1008 2101 1124 2173 sponte
1139 2090 1228 2154 vide·

135 2203 194 2257 tur
209 2211 355 2274 mergere
374 2194 542 2258 conclusio
560 2211 567 2258 :
585 2181 661 2274 erg'o
674 2202 704 2255 et
721 2202 806 2256 terra
820 2202 851 2256 et
866 2193 1003 2274 planetae
1017 2189 1058 2252 ad
1074 2188 1225 2252 eumdem

136 2292 238 2357 finem
251 2294 382 2358 condita
398 2296 499 2358 sunt?

181 2395 214 2457 2⁰
228 2394 330 2468 Quem
348 2394 380 2456 in
393 2393 492 2456 finem
508 2401 555 2458 tot
569 2403 654 2457 astra
669 2395 789 2476 quibus
802 2393 1043 2456 firmamentum
1056 2389 1224 2464 scintillat,

133 2511 177 2557 ex
191 2493 300 2556 nihilo
322 2493 437 2556 educta
452 2493 648 2571 credamus;
674 2512 815 2575 qnorum
839 2492 982 2576 plurima
1006 2492 1091 2553 rixa
1114 2489 1226 2571 paucis

135 2595 337 2655 astronomis
353 2592 645 2657 instrumentorum
661 2592 939 2654 ualidissimorum
947 2607 1010 2671 ope
1021 2587 1225 2668 deprehendi

130 2706 175 2752 ac
189 2688 345 2769 distingui
363 2699 499 2770 possunt
509 2689 523 2751 l
533 2689 626 2752 Astra
640 2699 728 2753 certe
743 2688 870 2753 homini
885 2687 1026 2750 visibilia
1041 2685 1225 2766 ad'aliquos
1295 2735 1300 2743 „

133 2804 216 2850 usus
231 2787 327 2850 nobis
343 2796 527 2869 opportuna
541 2786 712 2864 accidunt3
725 2796 756 2850 at
771 2787 846 2868 quis
857 2785 968 2850 credat
978 2785 1107 2860 nullum
1121 2783 1223 2846 alium

133 2883 235 2948 finem
252 2885 317 2948 illis
334 2885 549 2966 praestitutum
559 2903 639 2961 esse,
654 2885 719 2947 nisi
733 2895 768 2948 ut
783 2903 910 2949 menses
925 2902 1094 2964 annosque
1109 2899 1224 2945 eorum

132 3000 200 3064 ope
213 2983 416 3063 distinguere
432 3002 601 3065 possemus
615 2984 629 3047 l
650 2983 764 3066 Magna
779 2991 827 3047 est
843 2984 911 3047 baec
926 2983 1074 3056 utillitas,
1092 2982 1146 3046 sed
1163 2998 1224 3043 nec

133 3083 355 3145 necessarium
372 3092 440 3145 erat
456 3082 490 3145 in
507 3083 596 3146 hunc
609 3083 708 3147 tinem
724 3091 844 3146 tantam
861 3093 1022 3146 astrorum
1036 3079 1221 3144 multitudi-

6 3225 7 3264 ἢ
131 3197 210 3243 nem
236 3181 347 3255 condi,
375 3198 435 3244 nec
458 3181 574 3245 unicus
601 3181 661 3245 iste
679 3181 756 3245 finis
771 3191 867 3245 tantas
891 3181 1074 3245 molitionis
1093 3180 1220 3244 censeri

6 3281 7 3320 ³
44 3356 49 3365 ι
86 3292 91 3299 ’
134 3286 255 3359 petest.
271 3278 342 3343 Non
359 3279 448 3341 enim
460 3287 544 3342 astra
560 3278 704 3343 illasunt
719 3279 808 3344 aurei
822 3278 957 3361 quidam
971 3280 1051 3343 clavi
1065 3280 1221 3343 coelorum

131 3376 254 3440 fornici
277 3375 387 3453 defixi,
412 3376 469 3439 sed
490 3377 647 3442 immania
667 3396 818 3461 corpora,
837 3397 855 3441 a
881 3387 966 3442 terra
988 3378 1219 3456 remotissima,

129 3493 276 3557 quorum
293 3474 425 3540 fortasse
445 3476 601 3558 pleraque
620 3477 724 3543 solem
752 3478 860 3560 ipsum
876 3477 1101 3560 magnitudine
1123 3496 1221 3559 supe-

129 3584 216 3637 rani.

177 3687 212 3750 d·
234 3687 404 3752 Postremo
426 3697 458 3751 et
471 3691 664 3771 sapientiam
688 3703 720 3755 et
743 3692 922 3755 bonitatem
944 3691 1086 3755 divinam
1102 3691 1219 3755 decere

128 3786 314 3863 videbatur,
331 3789 533 3870 utquoniam
549 3800 688 3875 poterat,
706 3793 821 3855 mundi
837 3794 940 3873 spatia
952 3793 1218 3875 qualetepatent,

127 3882 391 3967 intelligentibus
403 3890 561 3953 creaturis
572 3890 724 3972 repleret,
739 3902 850 3972 quaeet
862 3891 1030 3955 benefieiis
1042 3893 1218 3957 creationis

145 4049 193 4105 ’(1)
211 4049 346 4097 lintretteas
353 4063 397 4098 sur
406 4050 431 4098 ln
439 4051 555 4113 pluralitt
564 4053 607 4100 des
618 4055 725 4102 mundes.
