2792 4600
173 383 213 446 il
505 360 516 383 '
590 420 594 425 .
639 400 811 446 outonocm.

172 530 1264 611 verodecognitioneeorum,quaeessererumintimeconstituunt.

172 618 206 690 3⁰
221 627 378 690 Gaeterum
394 647 431 691 ea
446 630 662 691 essentiarum
691 627 839 708 cognitio
869 645 941 710 quac
963 628 1092 690 homini
1120 629 1264 709 possibi-

173 724 213 786 lis
229 738 288 802 est,
307 735 411 807 potest
427 727 551 788 iteratis
572 724 870 798 observationibus,
887 724 1039 806 diligenti
1063 726 1270 807 experientiae

173 832 204 884 et
220 824 396 886 ratiocinio
413 824 516 904 magis
532 823 681 885 minusve
700 823 829 903 perlici;
846 823 936 905 quod
956 841 1079 886 munus
1096 825 1129 886 in
1146 825 1265 905 primis

172 914 386 986 scientiarum
399 932 456 986 est.
474 925 541 986 lloe
555 932 648 1003 pacto
663 923 833 985 notionem
850 922 999 985 essentiae
1012 922 1150 1004 spiritus
1163 934 1265 986 meta-

173 1021 309 1102 physica
337 1021 476 1103 perficit,
493 1021 669 1084 ostendens
686 1021 797 1101 ipsum
813 1039 882 1083 esse
902 1021 1117 1084 substantiam
1134 1021 1264 1102 simpli-

173 1137 256 1193 cem,
273 1136 292 1181 a
311 1120 447 1181 materie
462 1117 740 1199 independentem
760 1127 791 1181 et
807 1119 1040 1181 immortalem.
1058 1119 1113 1181 Sic
1128 1120 1269 1200 physica

173 1217 395 1296 cognitionem
411 1214 539 1296 perficit
554 1211 731 1295 corporum
748 1217 926 1278 mixtorum
948 1226 980 1277 et
997 1215 1091 1292 lucis,
1108 1219 1179 1278 soni
1199 1221 1263 1280 etc.

173 1316 236 1381 Sed
268 1315 491 1395 haec'quoque
520 1312 697 1392 perfectior
718 1313 866 1393 cognitio
901 1331 1031 1394 semper
1059 1314 1265 1395 inadaequata

174 1421 222 1474 est
239 1412 305 1490 (463
324 1413 357 1476 l..
374 1412 427 1486 ll,
440 1411 496 1488 4⁰).

601 1544 765 1602 ιιιιιιιιιιιεΙ
789 1556 835 1604 ιιι.

615 1667 825 1733 Tltcoremctc.

213 1803 266 1867 48.
290 1803 465 1866 Pnoaosmo
480 1802 506 1864 l.
521 1801 638 1865 lterum
647 1802 783 1864 cesentio
795 1811 868 1864 ruat
881 1802 1096 1866 indivisibiter.

214 1900 347 1963 Scilicet
362 1917 422 1963 nec
437 1900 541 1963 minui
558 1910 703 1982 possunt
724 1918 785 1962 nec
808 1900 918 1980 augeri
940 1900 1023 1962 datae
1038 1901 1087 1963 rei
1103 1890 1265 1965 eonstitu-

173 1999 247 2062 tiva.
265 1997 299 2061 Si
322 1999 410 2061 enim
433 1999 538 2062 minui
563 2000 632 2062 haec
651 2000 882 2080 concipiantur
903 2000 953 2061 vel
975 2000 1099 2081 augeri,
1113 2001 1180 2081 jam
1195 2018 1264 2066 non

171 2098 315 2178 emplius
333 2116 401 2159 rem
418 2098 510 2159 illem
527 2098 675 2174 habebis,
696 2099 753 2160 sed
776 2098 873 2159 aliam
891 2115 899 2161 :
917 2097 973 2159 illa
987 2098 1078 2179 enim
1096 2116 1135 2160 ex
1152 2099 1215 2174 his,
1232 2108 1264 2162 et

171 2213 237 2258 non
251 2196 403 2277 pluribus
419 2213 526 2276 neque
542 2196 753 2277 paucioribus
770 2195 942 2258 elementis
958 2204 1096 2258 constat.
1113 2196 1213 2259 Plane
1228 2209 1265 2261 nt

172 2294 205 2356 in
219 2294 378 2365 numeris,
393 2312 465 2375 quae
477 2303 525 2357 est
535 2293 720 2358 Aristotelis
733 2291 932 2356 similitudo.
947 2290 1262 2376 conterraneum.
1350 2307 1357 2315 ’

171 2393 198 2454 si
217 2393 376 2454 unitatem
392 2392 491 2453 addas
507 2379 557 2453 vel
576 2392 700 2465 demas,
718 2391 856 2453 hebebis
879 2391 1072 2471 quinarium
1088 2392 1138 2455 vel
1154 2402 1264 2455 terne·

170 2490 270 2565 rium,
288 2490 343 2552 sed
367 2508 434 2553 non
449 2489 592 2572 emplius
607 2491 869 2571 quaternarium.

211 2587 264 2653 49.
288 2588 468 2651 Poenosmo
484 2588 524 2651 ll.
549 2587 649 2652 Omne
662 2606 715 2649 ens
729 2606 818 2650 suom
830 2588 918 2650 tolet
928 2588 1101 2666 ementium.

211 2688 277 2750 Ens
293 2687 381 2748 enim
397 2687 468 2748 sine
484 2705 542 2749 suo
557 2687 698 2749 essentia
713 2696 797 2749 esset
810 2704 867 2750 ens
883 2687 955 2748 sine
966 2705 1027 2749 suo
1039 2705 1126 2765 esse;
1144 2704 1264 2769 nempe

170 2803 229 2847 ens
244 2785 380 2858 cicccc,
394 2783 483 2864 quod
499 2784 670 2848 constituit
686 2785 797 2864 ipsum
813 2801 871 2846 ens
884 2782 962 2862 (40t3
976 2802 1049 2863 quae
1065 2784 1202 2865 quidem
1214 2793 1263 2848 est

171 2894 281 2962 aperta
296 2880 539 2943 contradictio.-

211 2981 263 3045 ot).
282 2981 459 3043 Poenostrto
474 2977 529 3041 lll.
546 2978 643 3040 lllcltc
656 2997 704 3041 rer
717 2997 807 3041 ouem
821 2979 981 3041 urentium
993 2988 1090 3059 potest
1112 2979 1260 3045 amittere.

211 3079 311 3141 Sectis
324 3084 433 3157 posset
444 3075 556 3156 aliqua
567 3095 619 3139 res
631 3095 698 3140 non
712 3095 782 3140 esse
795 3078 832 3163 td,
844 3077 933 3158 quod
946 3087 1006 3141 est.
1022 3078 1057 3141 Si
1070 3078 1160 3140 enim
1174 3097 1262 3160 quae·
1330 3157 1335 3168 Ι

170 3176 245 3238 dam
261 3194 312 3239 res
328 3192 419 3237 suam
441 3175 606 3237 amitteret
621 3177 795 3238 essentiam
809 3177 877 3257 jam
892 3185 924 3239 et
943 3183 1028 3238 esset
1050 3176 1106 3238 illa
1122 3194 1174 3239 res
1190 3195 1264 3258 quae

171 3276 264 3358 prius
278 3284 358 3348 erat,
376 3273 453 3355 quia
468 3273 545 3335 talis
561 3274 695 3351 dicitur,
710 3284 740 3337 et
755 3274 855 3337 simul
868 3292 934 3339 non
951 3267 1035 3338 esset
1050 3276 1193 3356 emplius
1206 3274 1263 3338 ille

170 3392 240 3447 res,·
252 3374 329 3454 quia
344 3373 454 3434 amisit
469 3371 515 3447 id,
530 3390 596 3452 quo
608 3391 660 3435 res
676 3374 733 3435 illa
747 3374 972 3438 constituitur.

211 3473 270 3537 ot.
289 3474 466 3535 Pnonostrto
481 3471 536 3534 tv.·
552 3471 698 3534 Esmotic
711 3481 786 3534 runt
798 3472 1013 3535 immutabiles.

211 3570 246 3634 Si
262 3569 351 3633 enim
370 3577 480 3648 posset
495 3581 659 3656 enasuam
681 3570 857 3632 essentiam
878 3570 912 3631 in
928 3570 1027 3631 aliam
1042 3578 1180 3644 mutare,
1195 3569 1261 3649 jem

171 3671 355 3752 quiescam
379 3668 541 3730 amitteret
563 3669 752 3744 essentiam,
770 3653 841 3730 non
852 3676 936 3730 esset
960 3667 993 3729 id
1010 3665 1100 3747 qnod
1118 3676 1167 3730 est
1182 3667 1263 3745 (50);

172 3778 203 3831 et
219 3769 355 3847 insuper
370 3773 454 3827 esset
468 3764 502 3825 id
519 3765 607 3846 quod
625 3783 691 3829 non
714 3775 773 3840 est,
791 3774 951 3846 quatenus
967 3764 1141 3828 essentiam
1157 3766 1261 3828 susci·

173 3876 264 3949 peret
277 3866 430 3928 alienam.

214 3965 266 4028 δι.
290 3962 443 4043 Oppones
459 3963 657 4025 mutationes
674 3973 858 4043 perpetuas,
876 3982 948 4045 quae
965 3965 1006 4044 in·
1020 3980 1130 4024 rerum
1146 3972 1261 4027 natura

173 4064 268 4139 flunt,
287 4080 346 4142 per
361 4079 441 4142 quas
457 4079 521 4124 una
537 4078 588 4123 res
611 4061 645 4123 in
669 4062 765 4124 aliam
782 4065 1002 4138 convertitur;
1019 4081 1048 4123 v.
1067 4080 1115 4142 gr.
1133 4062 1261 4143 lignum
