<?xml version="1.0" encoding="UTF-8"?>
<!DOCTYPE html PUBLIC "-//W3C//DTD XHTML 1.0 Transitional//EN"
    "http://www.w3.org/TR/xhtml1/DTD/xhtml1-transitional.dtd">
<html xmlns="http://www.w3.org/1999/xhtml" xml:lang="en" lang="en">
 <head>
  <title>
</title>
<meta http-equiv="Content-Type" content="text/html;charset=utf-8" />
  <meta name='ocr-system' content='tesseract 3.04.00' />
  <meta name='ocr-capabilities' content='ocr_page ocr_carea ocr_par ocr_line ocrx_word'/>
</head>
<body>
  <div class='ocr_page' id='page_1' title='image "./institutionesph01tonggoog_0452.png"; bbox 0 0 2792 4600; ppageno 0'>
   <div class='ocr_carea' id='block_1_1' title="bbox 202 352 796 417">
    <p class='ocr_par' dir='ltr' id='par_1_1' title="bbox 202 352 796 417">
     <span class='ocr_line' id='line_1_1' title="bbox 202 352 796 417; baseline 0.005 -3"><span class='ocrx_word' id='word_1_1' title='bbox 202 352 263 414; x_wconf 91' lang='grc'>444</span> <span class='ocrx_word' id='word_1_2' title='bbox 696 373 796 417; x_wconf 85' lang='lat' dir='ltr'>rnnnx.</span> 
     </span>
    </p>
   </div>
   <div class='ocr_carea' id='block_1_2' title="bbox 273 486 1287 618">
    <p class='ocr_par' dir='ltr' id='par_1_2' title="bbox 273 486 1287 618">
     <span class='ocr_line' id='line_1_2' title="bbox 273 486 1212 559; baseline -0.002 -19"><span class='ocrx_word' id='word_1_3' title='bbox 273 501 323 555; x_wconf 91' lang='lat' dir='ltr'>per</span> <span class='ocrx_word' id='word_1_4' title='bbox 346 487 547 557; x_wconf 90' lang='lat' dir='ltr'>oppositionem</span> <span class='ocrx_word' id='word_1_5' title='bbox 571 488 605 545; x_wconf 90' lang='lat' dir='ltr'>ad</span> <span class='ocrx_word' id='word_1_6' title='bbox 628 487 772 545; x_wconf 90' lang='lat' dir='ltr'>lortuitum</span> <span class='ocrx_word' id='word_1_7' title='bbox 796 497 824 545; x_wconf 92' lang='lat' dir='ltr'>et</span> <span class='ocrx_word' id='word_1_8' title='bbox 849 487 1068 559; x_wconf 75' lang='lat' dir='ltr'><strong>supernaturale.</strong></span> <span class='ocrx_word' id='word_1_9' title='bbox 1091 486 1212 555; x_wconf 89' lang='lat' dir='ltr'>Utraque</span> 
     </span>
     <span class='ocr_line' id='line_1_3' title="bbox 274 554 1287 618; baseline -0.004 -3"><span class='ocrx_word' id='word_1_10' title='bbox 274 561 333 616; x_wconf 88' lang='lat' dir='ltr'>haec</span> <span class='ocrx_word' id='word_1_11' title='bbox 347 562 421 617; x_wconf 89' lang='lat' dir='ltr'>notio</span> <span class='ocrx_word' id='word_1_12' title='bbox 435 561 599 618; x_wconf 90' lang='lat' dir='ltr'>illustratur.</span> <span class='ocrx_word' id='word_1_13' title='bbox 680 604 687 618; x_wconf 92' lang='lat'>.</span> <span class='ocrx_word' id='word_1_14' title='bbox 768 578 775 593; x_wconf 82' lang='grc'><em>·</em></span> <span class='ocrx_word' id='word_1_15' title='bbox 855 596 1210 618; x_wconf 83' lang='grc'><strong>.....</strong></span> <span class='ocrx_word' id='word_1_16' title='bbox 1231 554 1287 613; x_wconf 79' lang='lat' dir='ltr'>sut</span> 
     </span>
    </p>
   </div>
   <div class='ocr_carea' id='block_1_3' title="bbox 547 669 936 720">
    <p class='ocr_par' dir='ltr' id='par_1_3' title="bbox 547 669 936 720">
     <span class='ocr_line' id='line_1_4' title="bbox 547 669 936 720; baseline -0.005 -2"><span class='ocrx_word' id='word_1_17' title='bbox 547 669 661 718; x_wconf 77' lang='lat' dir='ltr'>Cdl’lll’</span> <span class='ocrx_word' id='word_1_18' title='bbox 674 670 707 718; x_wconf 91' lang='lat' dir='ltr'>tt.</span> <span class='ocrx_word' id='word_1_19' title='bbox 726 670 765 718; x_wconf 78' lang='lat' dir='ltr'>lle</span> <span class='ocrx_word' id='word_1_20' title='bbox 782 682 936 720; x_wconf 72' lang='lat' dir='ltr'>montannos.</span> 
     </span>
    </p>
   </div>
   <div class='ocr_carea' id='block_1_4' title="bbox 199 747 1285 1707">
    <p class='ocr_par' dir='ltr' id='par_1_4' title="bbox 199 747 1285 1707">
     <span class='ocr_line' id='line_1_5' title="bbox 199 747 1213 816; baseline -0.003 -13"><span class='ocrx_word' id='word_1_21' title='bbox 199 747 437 803; x_wconf 67' lang='lat' dir='ltr'>tinnimentum·</span> <span class='ocrx_word' id='word_1_22' title='bbox 455 755 534 805; x_wconf 86' lang='lat' dir='ltr'>notio.</span> <span class='ocrx_word' id='word_1_23' title='bbox 550 752 632 806; x_wconf 85' lang='lat' dir='ltr'>Pnor.</span> <span class='ocrx_word' id='word_1_24' title='bbox 648 752 669 806; x_wconf 97' lang='lat' dir='ltr'>l.</span> <span class='ocrx_word' id='word_1_25' title='bbox 685 756 835 805; x_wconf 84' lang='lat' dir='ltr'>Miruenlum</span> <span class='ocrx_word' id='word_1_26' title='bbox 857 754 961 816; x_wconf 78' lang='lat' dir='ltr'><strong><em>proprie</em></strong></span> <span class='ocrx_word' id='word_1_27' title='bbox 985 759 1022 803; x_wconf 81' lang='lat' dir='ltr'>eat</span> <span class='ocrx_word' id='word_1_28' title='bbox 1049 753 1151 815; x_wconf 79' lang='lat' dir='ltr'>effeetus</span> <span class='ocrx_word' id='word_1_29' title='bbox 1169 751 1213 814; x_wconf 89' lang='lat' dir='ltr'>qni</span> 
     </span>
     <span class='ocr_line' id='line_1_6' title="bbox 274 822 1212 893; baseline 0.001 -18"><span class='ocrx_word' id='word_1_30' title='bbox 274 827 352 876; x_wconf 82' lang='lat' dir='ltr'>totins</span> <span class='ocrx_word' id='word_1_31' title='bbox 365 832 465 879; x_wconf 85' lang='lat' dir='ltr'>notnrm</span> <span class='ocrx_word' id='word_1_32' title='bbox 478 833 571 879; x_wconf 81' lang='lat' dir='ltr'>create</span> <span class='ocrx_word' id='word_1_33' title='bbox 591 829 703 878; x_wconf 78' lang='lat' dir='ltr'><strong><em>ordinem</em></strong></span> <span class='ocrx_word' id='word_1_34' title='bbox 718 841 748 879; x_wconf 87' lang='lat' dir='ltr'>ue</span> <span class='ocrx_word' id='word_1_35' title='bbox 760 828 909 893; x_wconf 73' lang='lat' dir='ltr'>fucultatem</span> <span class='ocrx_word' id='word_1_36' title='bbox 923 828 1033 878; x_wconf 85' lang='lat' dir='ltr'>eeeedit.</span> <span class='ocrx_word' id='word_1_37' title='bbox 1050 822 1212 877; x_wconf 89' lang='lat' dir='ltr'>lllraculum</span> 
     </span>
     <span class='ocr_line' id='line_1_7' title="bbox 274 895 1213 971; baseline -0.002 -20"><span class='ocrx_word' id='word_1_38' title='bbox 274 896 309 953; x_wconf 82' lang='lat' dir='ltr'>al)</span> <span class='ocrx_word' id='word_1_39' title='bbox 322 897 504 953; x_wconf 78' lang='lat' dir='ltr'>admiratione</span> <span class='ocrx_word' id='word_1_40' title='bbox 517 899 630 954; x_wconf 92' lang='lat' dir='ltr'>dictum.</span> <span class='ocrx_word' id='word_1_41' title='bbox 646 899 863 954; x_wconf 80' lang='lat' dir='ltr'>Admirationem</span> <span class='ocrx_word' id='word_1_42' title='bbox 883 897 937 953; x_wconf 88' lang='lat' dir='ltr'>duo</span> <span class='ocrx_word' id='word_1_43' title='bbox 951 897 1069 971; x_wconf 79' lang='lat' dir='ltr'>gignunt</span> <span class='ocrx_word' id='word_1_44' title='bbox 1081 926 1095 936; x_wconf 92' lang='lat'>-</span> <span class='ocrx_word' id='word_1_45' title='bbox 1107 910 1170 966; x_wconf 84' lang='lat' dir='ltr'>quae</span> <span class='ocrx_word' id='word_1_46' title='bbox 1183 895 1213 950; x_wconf 89' lang='lat' dir='ltr'>in</span> 
     </span>
     <span class='ocr_line' id='line_1_8' title="bbox 275 967 1213 1043; baseline -0.002 -19"><span class='ocrx_word' id='word_1_47' title='bbox 275 969 409 1026; x_wconf 89' lang='lat' dir='ltr'>miraculo</span> <span class='ocrx_word' id='word_1_48' title='bbox 424 972 534 1042; x_wconf 89' lang='lat' dir='ltr'>proprie</span> <span class='ocrx_word' id='word_1_49' title='bbox 547 972 620 1027; x_wconf 93' lang='lat' dir='ltr'>dicto</span> <span class='ocrx_word' id='word_1_50' title='bbox 642 972 832 1027; x_wconf 77' lang='lat' dir='ltr'>excellentiori</span> <span class='ocrx_word' id='word_1_51' title='bbox 855 972 973 1043; x_wconf 88' lang='lat' dir='ltr'>quodam</span> <span class='ocrx_word' id='word_1_52' title='bbox 988 969 1069 1025; x_wconf 92' lang='lat' dir='ltr'>modo</span> <span class='ocrx_word' id='word_1_53' title='bbox 1095 967 1213 1039; x_wconf 88' lang='lat' dir='ltr'>reperiri</span> 
     </span>
     <span class='ocr_line' id='line_1_9' title="bbox 258 1042 1214 1115; baseline -0.001 -17"><span class='ocrx_word' id='word_1_54' title='bbox 258 1043 422 1100; x_wconf 59' lang='lat' dir='ltr'>&#39;delient—id</span> <span class='ocrx_word' id='word_1_55' title='bbox 436 1046 555 1115; x_wconf 90' lang='lat' dir='ltr'>postulat</span> <span class='ocrx_word' id='word_1_56' title='bbox 573 1055 602 1101; x_wconf 93' lang='lat' dir='ltr'>ut</span> <span class='ocrx_word' id='word_1_57' title='bbox 622 1047 786 1102; x_wconf 84' lang='lat' dir='ltr'>miraculum</span> <span class='ocrx_word' id='word_1_58' title='bbox 810 1045 895 1101; x_wconf 85' lang='lat' dir='ltr'>totius</span> <span class='ocrx_word' id='word_1_59' title='bbox 917 1054 1023 1100; x_wconf 89' lang='lat' dir='ltr'>naturae</span> <span class='ocrx_word' id='word_1_60' title='bbox 1045 1042 1172 1098; x_wconf 88' lang='lat' dir='ltr'>ordinem</span> <span class='ocrx_word' id='word_1_61' title='bbox 1185 1050 1214 1097; x_wconf 90' lang='lat' dir='ltr'>et</span> 
     </span>
     <span class='ocr_line' id='line_1_10' title="bbox 276 1114 1213 1189; baseline -0.002 -17"><span class='ocrx_word' id='word_1_62' title='bbox 276 1116 433 1175; x_wconf 80' lang='lat' dir='ltr'>facultatem</span> <span class='ocrx_word' id='word_1_63' title='bbox 447 1119 571 1175; x_wconf 81' lang='lat' dir='ltr'>excedat.</span> <span class='ocrx_word' id='word_1_64' title='bbox 587 1120 658 1174; x_wconf 91' lang='lat' dir='ltr'>lllnc</span> <span class='ocrx_word' id='word_1_65' title='bbox 680 1135 735 1174; x_wconf 92' lang='lat' dir='ltr'>non</span> <span class='ocrx_word' id='word_1_66' title='bbox 759 1135 840 1174; x_wconf 91' lang='lat' dir='ltr'>omne</span> <span class='ocrx_word' id='word_1_67' title='bbox 854 1120 881 1173; x_wconf 92' lang='lat' dir='ltr'>id</span> <span class='ocrx_word' id='word_1_68' title='bbox 895 1119 967 1189; x_wconf 87' lang='lat' dir='ltr'>quod</span> <span class='ocrx_word' id='word_1_69' title='bbox 984 1117 1041 1172; x_wconf 82' lang='lat' dir='ltr'>sola</span> <span class='ocrx_word' id='word_1_70' title='bbox 1055 1118 1157 1171; x_wconf 86' lang='lat' dir='ltr'>virtute</span> <span class='ocrx_word' id='word_1_71' title='bbox 1169 1114 1213 1170; x_wconf 88' lang='lat' dir='ltr'>di-</span> 
     </span>
     <span class='ocr_line' id='line_1_11' title="bbox 275 1190 1211 1266; baseline -0.003 -19"><span class='ocrx_word' id='word_1_72' title='bbox 275 1194 338 1247; x_wconf 81' lang='lat' dir='ltr'>vina</span> <span class='ocrx_word' id='word_1_73' title='bbox 351 1192 411 1247; x_wconf 91' lang='lat' dir='ltr'>lieri</span> <span class='ocrx_word' id='word_1_74' title='bbox 426 1202 516 1262; x_wconf 90' lang='lat' dir='ltr'>potest</span> <span class='ocrx_word' id='word_1_75' title='bbox 528 1204 572 1248; x_wconf 90' lang='lat' dir='ltr'>est</span> <span class='ocrx_word' id='word_1_76' title='bbox 584 1194 759 1248; x_wconf 78' lang='lat' dir='ltr'>nuit-aonium.</span> <span class='ocrx_word' id='word_1_77' title='bbox 776 1193 884 1249; x_wconf 81' lang='lat' dir='ltr'>Creatio</span> <span class='ocrx_word' id='word_1_78' title='bbox 898 1208 952 1266; x_wconf 88' lang='lat' dir='ltr'>non</span> <span class='ocrx_word' id='word_1_79' title='bbox 971 1200 1014 1246; x_wconf 89' lang='lat' dir='ltr'>cst</span> <span class='ocrx_word' id='word_1_80' title='bbox 1035 1190 1211 1245; x_wconf 81' lang='lat' dir='ltr'>miraculum.</span> 
     </span>
     <span class='ocr_line' id='line_1_12' title="bbox 275 1263 1212 1338; baseline 0 -19"><span class='ocrx_word' id='word_1_81' title='bbox 275 1266 405 1320; x_wconf 87' lang='lat' dir='ltr'>lliracula</span> <span class='ocrx_word' id='word_1_82' title='bbox 420 1266 489 1322; x_wconf 83' lang='lat' dir='ltr'>liunt</span> <span class='ocrx_word' id='word_1_83' title='bbox 502 1267 561 1322; x_wconf 94' lang='lat' dir='ltr'>solo</span> <span class='ocrx_word' id='word_1_84' title='bbox 574 1268 624 1322; x_wconf 85' lang='lat' dir='ltr'>lici</span> <span class='ocrx_word' id='word_1_85' title='bbox 634 1267 761 1338; x_wconf 84' lang='lat' dir='ltr'>imperio,</span> <span class='ocrx_word' id='word_1_86' title='bbox 774 1276 801 1321; x_wconf 91' lang='lat' dir='ltr'>et</span> <span class='ocrx_word' id='word_1_87' title='bbox 811 1283 846 1321; x_wconf 82' lang='lat' dir='ltr'>ex</span> <span class='ocrx_word' id='word_1_88' title='bbox 856 1266 916 1337; x_wconf 86' lang='lat' dir='ltr'>ejus</span> <span class='ocrx_word' id='word_1_89' title='bbox 926 1264 1088 1320; x_wconf 88' lang='lat' dir='ltr'>auctoritate</span> <span class='ocrx_word' id='word_1_90' title='bbox 1098 1263 1127 1318; x_wconf 94' lang='lat' dir='ltr'>in</span> <span class='ocrx_word' id='word_1_91' title='bbox 1139 1264 1212 1319; x_wconf 86' lang='lat' dir='ltr'>vires</span> 
     </span>
     <span class='ocr_line' id='line_1_13' title="bbox 275 1337 1211 1412; baseline -0.002 -19"><span class='ocrx_word' id='word_1_92' title='bbox 275 1338 407 1412; x_wconf 81' lang='lat' dir='ltr'>legesque</span> <span class='ocrx_word' id='word_1_93' title='bbox 432 1349 549 1396; x_wconf 88' lang='lat' dir='ltr'>naturae.</span> <span class='ocrx_word' id='word_1_94' title='bbox 573 1341 698 1396; x_wconf 87' lang='lat' dir='ltr'>lliraouli</span> <span class='ocrx_word' id='word_1_95' title='bbox 724 1340 874 1396; x_wconf 89' lang='lat' dir='ltr'>discrimen</span> <span class='ocrx_word' id='word_1_96' title='bbox 898 1355 913 1394; x_wconf 94' lang='lat' dir='ltr'>a</span> <span class='ocrx_word' id='word_1_97' title='bbox 939 1339 1042 1394; x_wconf 90' lang='lat' dir='ltr'>miro—a</span> <span class='ocrx_word' id='word_1_98' title='bbox 1056 1337 1211 1409; x_wconf 81' lang='lat' dir='ltr'>praestigio-</span> 
     </span>
     <span class='ocr_line' id='line_1_14' title="bbox 276 1410 1213 1487; baseline -0.003 -20"><span class='ocrx_word' id='word_1_99' title='bbox 276 1414 311 1467; x_wconf 81' lang='lat' dir='ltr'>alt</span> <span class='ocrx_word' id='word_1_100' title='bbox 323 1413 456 1482; x_wconf 86' lang='lat' dir='ltr'>operibus</span> <span class='ocrx_word' id='word_1_101' title='bbox 469 1414 567 1487; x_wconf 80' lang='lat' dir='ltr'>magiae</span> <span class='ocrx_word' id='word_1_102' title='bbox 580 1415 639 1470; x_wconf 85' lang='lat' dir='ltr'>sire</span> <span class='ocrx_word' id='word_1_103' title='bbox 662 1415 798 1472; x_wconf 88' lang='lat' dir='ltr'>naturalis</span> <span class='ocrx_word' id='word_1_104' title='bbox 816 1414 875 1469; x_wconf 84' lang='lat' dir='ltr'>sive</span> <span class='ocrx_word' id='word_1_105' title='bbox 900 1411 1095 1469; x_wconf 84' lang='lat' dir='ltr'>diabolicae-ab</span> <span class='ocrx_word' id='word_1_106' title='bbox 1108 1410 1213 1466; x_wconf 85' lang='lat' dir='ltr'>ereuti-</span> 
     </span>
     <span class='ocr_line' id='line_1_15' title="bbox 276 1484 1213 1556; baseline -0.002 -15"><span class='ocrx_word' id='word_1_107' title='bbox 276 1485 330 1541; x_wconf 87' lang='lat' dir='ltr'>bus</span> <span class='ocrx_word' id='word_1_108' title='bbox 354 1487 528 1543; x_wconf 86' lang='lat' dir='ltr'>naturalibus</span> <span class='ocrx_word' id='word_1_109' title='bbox 550 1488 778 1545; x_wconf 80' lang='lat' dir='ltr'>extraordinariis</span> <span class='ocrx_word' id='word_1_110' title='bbox 814 1487 1009 1542; x_wconf 84' lang='lat' dir='ltr'>lliraculorunt</span> <span class='ocrx_word' id='word_1_111' title='bbox 1031 1484 1143 1556; x_wconf 90' lang='lat' dir='ltr'>partitio</span> <span class='ocrx_word' id='word_1_112' title='bbox 1162 1499 1213 1554; x_wconf 91' lang='lat' dir='ltr'>pro</span> 
     </span>
     <span class='ocr_line' id='line_1_16' title="bbox 276 1558 1279 1633; baseline -0.002 -19"><span class='ocrx_word' id='word_1_113' title='bbox 276 1558 386 1616; x_wconf 88' lang='lat' dir='ltr'>diverso</span> <span class='ocrx_word' id='word_1_114' title='bbox 409 1561 490 1616; x_wconf 90' lang='lat' dir='ltr'>modo</span> <span class='ocrx_word' id='word_1_115' title='bbox 516 1578 570 1633; x_wconf 92' lang='lat' dir='ltr'>quo</span> <span class='ocrx_word' id='word_1_116' title='bbox 596 1572 702 1617; x_wconf 89' lang='lat' dir='ltr'>naturae</span> <span class='ocrx_word' id='word_1_117' title='bbox 725 1563 882 1618; x_wconf 81' lang='lat' dir='ltr'>facultatem</span> <span class='ocrx_word' id='word_1_118' title='bbox 907 1562 1054 1618; x_wconf 83' lang='lat' dir='ltr'>excedunt.</span> <span class='ocrx_word' id='word_1_119' title='bbox 1083 1558 1214 1616; x_wconf 85' lang='lat' dir='ltr'>Miracula</span> <span class='ocrx_word' id='word_1_120' title='bbox 1277 1589 1279 1594; x_wconf 94' lang='lat'>·</span> 
     </span>
     <span class='ocr_line' id='line_1_17' title="bbox 275 1630 1285 1707; baseline 0.006 -21"><span class='ocrx_word' id='word_1_121' title='bbox 275 1647 369 1703; x_wconf 88' lang='lat' dir='ltr'>supra,</span> <span class='ocrx_word' id='word_1_122' title='bbox 384 1644 480 1690; x_wconf 90' lang='lat' dir='ltr'>eontra</span> <span class='ocrx_word' id='word_1_123' title='bbox 493 1637 535 1691; x_wconf 87' lang='lat' dir='ltr'>rel</span> <span class='ocrx_word' id='word_1_124' title='bbox 549 1645 651 1707; x_wconf 85' lang='lat' dir='ltr'>praeter</span> <span class='ocrx_word' id='word_1_125' title='bbox 670 1646 796 1693; x_wconf 89' lang='lat' dir='ltr'>naturam</span> <span class='ocrx_word' id='word_1_126' title='bbox 854 1671 1211 1691; x_wconf 78' lang='lat'><strong>.....</strong></span> <span class='ocrx_word' id='word_1_127' title='bbox 1231 1630 1285 1686; x_wconf 76' lang='grc'>404</span> 
     </span>
    </p>
   </div>
   <div class='ocr_carea' id='block_1_5' title="bbox 200 1722 1337 2975">
    <p class='ocr_par' dir='ltr' id='par_1_5' title="bbox 200 1722 1215 2019">
     <span class='ocr_line' id='line_1_18' title="bbox 200 1722 1214 1793; baseline 0.001 -17"><span class='ocrx_word' id='word_1_128' title='bbox 200 1723 269 1776; x_wconf 78' lang='lat' dir='ltr'>Anu.</span> <span class='ocrx_word' id='word_1_129' title='bbox 279 1722 314 1779; x_wconf 92' lang='lat' dir='ltr'>ll.</span> <span class='ocrx_word' id='word_1_130' title='bbox 322 1728 359 1777; x_wconf 86' lang='lat' dir='ltr'>De</span> <span class='ocrx_word' id='word_1_131' title='bbox 373 1741 449 1779; x_wconf 79' lang='lat' dir='ltr'>corten</span> <span class='ocrx_word' id='word_1_132' title='bbox 462 1730 642 1781; x_wconf 82' lang='lat' dir='ltr'>miraculorum</span> <span class='ocrx_word' id='word_1_133' title='bbox 649 1732 780 1793; x_wconf 71' lang='lat' dir='ltr'>efficiente.</span> <span class='ocrx_word' id='word_1_134' title='bbox 790 1728 872 1782; x_wconf 83' lang='lat' dir='ltr'>Paor.</span> <span class='ocrx_word' id='word_1_135' title='bbox 881 1724 915 1781; x_wconf 91' lang='lat' dir='ltr'>ll.</span> <span class='ocrx_word' id='word_1_136' title='bbox 926 1726 1001 1781; x_wconf 77' lang='lat' dir='ltr'>Solus</span> <span class='ocrx_word' id='word_1_137' title='bbox 1012 1730 1078 1780; x_wconf 79' lang='lat' dir='ltr'>Dens</span> <span class='ocrx_word' id='word_1_138' title='bbox 1090 1727 1214 1779; x_wconf 81' lang='lat' dir='ltr'>miraculo</span> 
     </span>
     <span class='ocr_line' id='line_1_19' title="bbox 273 1799 1214 1868; baseline 0.002 -17"><span class='ocrx_word' id='word_1_139' title='bbox 273 1802 377 1863; x_wconf 75' lang='lat' dir='ltr'>proprie</span> <span class='ocrx_word' id='word_1_140' title='bbox 389 1803 458 1853; x_wconf 85' lang='lat' dir='ltr'>dieto</span> <span class='ocrx_word' id='word_1_141' title='bbox 469 1804 655 1868; x_wconf 76' lang='lat' dir='ltr'>sueerepotest.</span> <span class='ocrx_word' id='word_1_142' title='bbox 668 1802 737 1856; x_wconf 90' lang='lat' dir='ltr'>Nam</span> <span class='ocrx_word' id='word_1_143' title='bbox 752 1804 780 1856; x_wconf 82' lang='lat' dir='ltr'>l⁰</span> <span class='ocrx_word' id='word_1_144' title='bbox 790 1801 881 1857; x_wconf 91' lang='lat' dir='ltr'>omnis</span> <span class='ocrx_word' id='word_1_145' title='bbox 891 1803 1018 1855; x_wconf 86' lang='lat' dir='ltr'>ereatura</span> <span class='ocrx_word' id='word_1_146' title='bbox 1032 1800 1060 1853; x_wconf 93' lang='lat' dir='ltr'>in</span> <span class='ocrx_word' id='word_1_147' title='bbox 1074 1799 1134 1854; x_wconf 91' lang='lat' dir='ltr'>suis</span> <span class='ocrx_word' id='word_1_148' title='bbox 1147 1813 1214 1868; x_wconf 89' lang='lat' dir='ltr'>ope·</span> 
     </span>
     <span class='ocr_line' id='line_1_20' title="bbox 276 1871 1215 1945; baseline 0.002 -20"><span class='ocrx_word' id='word_1_149' title='bbox 276 1871 430 1928; x_wconf 88' lang='lat' dir='ltr'>rationibus</span> <span class='ocrx_word' id='word_1_150' title='bbox 440 1873 531 1929; x_wconf 92' lang='lat' dir='ltr'>ordini</span> <span class='ocrx_word' id='word_1_151' title='bbox 546 1890 562 1929; x_wconf 92' lang='lat' dir='ltr'>a</span> <span class='ocrx_word' id='word_1_152' title='bbox 575 1876 632 1931; x_wconf 81' lang='lat' dir='ltr'>lleo</span> <span class='ocrx_word' id='word_1_153' title='bbox 642 1884 744 1931; x_wconf 89' lang='lat' dir='ltr'>statuto</span> <span class='ocrx_word' id='word_1_154' title='bbox 757 1874 955 1945; x_wconf 69' lang='lat' dir='ltr'>subjicitur-2⁰</span> <span class='ocrx_word' id='word_1_155' title='bbox 968 1872 1067 1929; x_wconf 88' lang='lat' dir='ltr'>Omnis</span> <span class='ocrx_word' id='word_1_156' title='bbox 1079 1880 1215 1928; x_wconf 85' lang='lat' dir='ltr'>creaturae</span> 
     </span>
     <span class='ocr_line' id='line_1_21' title="bbox 277 1945 1214 2019; baseline 0.001 -20"><span class='ocrx_word' id='word_1_157' title='bbox 277 1946 398 2015; x_wconf 88' lang='lat' dir='ltr'>potentia</span> <span class='ocrx_word' id='word_1_158' title='bbox 418 1956 462 2002; x_wconf 89' lang='lat' dir='ltr'>est</span> <span class='ocrx_word' id='word_1_159' title='bbox 484 1947 598 2004; x_wconf 89' lang='lat' dir='ltr'>limitata</span> <span class='ocrx_word' id='word_1_160' title='bbox 624 1949 658 2004; x_wconf 87' lang='lat' dir='ltr'>ad</span> <span class='ocrx_word' id='word_1_161' title='bbox 685 1950 805 2019; x_wconf 89' lang='lat' dir='ltr'>aliquem</span> <span class='ocrx_word' id='word_1_162' title='bbox 831 1947 1045 2002; x_wconf 89' lang='lat' dir='ltr'>determinatum</span> <span class='ocrx_word' id='word_1_163' title='bbox 1070 1945 1214 2001; x_wconf 83' lang='lat' dir='ltr'>effectum-</span> 
     </span>
    </p>

    <p class='ocr_par' dir='ltr' id='par_1_6' title="bbox 272 2018 1337 2903">
     <span class='ocr_line' id='line_1_22' title="bbox 277 2018 1213 2096; baseline 0.001 -23"><span class='ocrx_word' id='word_1_164' title='bbox 277 2019 305 2073; x_wconf 73' lang='lat'>50</span> <span class='ocrx_word' id='word_1_165' title='bbox 319 2018 418 2073; x_wconf 83' lang='lat' dir='ltr'>Omnis</span> <span class='ocrx_word' id='word_1_166' title='bbox 436 2029 562 2075; x_wconf 88' lang='lat' dir='ltr'>creatura</span> <span class='ocrx_word' id='word_1_167' title='bbox 585 2022 682 2092; x_wconf 88' lang='lat' dir='ltr'>nequit</span> <span class='ocrx_word' id='word_1_168' title='bbox 702 2037 795 2096; x_wconf 81' lang='lat' dir='ltr'>agere,</span> <span class='ocrx_word' id='word_1_169' title='bbox 810 2021 865 2076; x_wconf 92' lang='lat' dir='ltr'>nisi</span> <span class='ocrx_word' id='word_1_170' title='bbox 885 2036 916 2075; x_wconf 91' lang='lat' dir='ltr'>ea</span> <span class='ocrx_word' id='word_1_171' title='bbox 935 2020 970 2075; x_wconf 91' lang='lat' dir='ltr'>ad</span> <span class='ocrx_word' id='word_1_172' title='bbox 983 2035 1046 2091; x_wconf 82' lang='lat' dir='ltr'>quae</span> <span class='ocrx_word' id='word_1_173' title='bbox 1059 2019 1213 2089; x_wconf 85' lang='lat' dir='ltr'>subjectum</span> 
     </span>
     <span class='ocr_line' id='line_1_23' title="bbox 277 2091 1312 2168; baseline 0.001 -23"><span class='ocrx_word' id='word_1_174' title='bbox 277 2091 306 2146; x_wconf 91' lang='lat' dir='ltr'>in</span> <span class='ocrx_word' id='word_1_175' title='bbox 331 2107 387 2162; x_wconf 93' lang='lat' dir='ltr'>quo</span> <span class='ocrx_word' id='word_1_176' title='bbox 408 2093 475 2166; x_wconf 80' lang='lat' dir='ltr'>agit,</span> <span class='ocrx_word' id='word_1_177' title='bbox 499 2095 583 2151; x_wconf 88' lang='lat' dir='ltr'>estin</span> <span class='ocrx_word' id='word_1_178' title='bbox 599 2096 730 2165; x_wconf 87' lang='lat' dir='ltr'>putentia.</span> <span class='ocrx_word' id='word_1_179' title='bbox 746 2096 828 2150; x_wconf 85' lang='lat' dir='ltr'>Pnor.</span> <span class='ocrx_word' id='word_1_180' title='bbox 844 2094 891 2149; x_wconf 89' lang='lat' dir='ltr'>lll.</span> <span class='ocrx_word' id='word_1_181' title='bbox 909 2099 968 2148; x_wconf 82' lang='lat' dir='ltr'>Tum</span> <span class='ocrx_word' id='word_1_182' title='bbox 986 2098 1045 2148; x_wconf 78' lang='lat' dir='ltr'>doni</span> <span class='ocrx_word' id='word_1_183' title='bbox 1057 2110 1133 2160; x_wconf 80' lang='lat' dir='ltr'>qnam</span> <span class='ocrx_word' id='word_1_184' title='bbox 1153 2097 1215 2147; x_wconf 87' lang='lat' dir='ltr'>nuli</span> <span class='ocrx_word' id='word_1_185' title='bbox 1303 2164 1312 2168; x_wconf 86' lang='lat'>-</span> 
     </span>
     <span class='ocr_line' id='line_1_24' title="bbox 275 2169 1337 2235; baseline 0.002 -17"><span class='ocrx_word' id='word_1_186' title='bbox 275 2169 382 2230; x_wconf 76' lang='lat' dir='ltr'>spiritua</span> <span class='ocrx_word' id='word_1_187' title='bbox 403 2171 533 2222; x_wconf 77' lang='lat' dir='ltr'>miroidiu</span> <span class='ocrx_word' id='word_1_188' title='bbox 549 2173 662 2235; x_wconf 77' lang='lat' dir='ltr'>poenam</span> <span class='ocrx_word' id='word_1_189' title='bbox 683 2177 834 2235; x_wconf 78' lang='lat' dir='ltr'>perpetrare</span> <span class='ocrx_word' id='word_1_190' title='bbox 855 2177 974 2233; x_wconf 75' lang='lat' dir='ltr'>porram,</span> <span class='ocrx_word' id='word_1_191' title='bbox 988 2184 1038 2222; x_wconf 87' lang='lat' dir='ltr'>non</span> <span class='ocrx_word' id='word_1_192' title='bbox 1055 2183 1104 2233; x_wconf 84' lang='lat' dir='ltr'>per</span> <span class='ocrx_word' id='word_1_193' title='bbox 1115 2171 1216 2220; x_wconf 75' lang='lat' dir='ltr'>modom</span> <span class='ocrx_word' id='word_1_194' title='bbox 1333 2172 1337 2180; x_wconf 89' lang='grc'><strong>“</strong></span> 
     </span>
     <span class='ocr_line' id='line_1_25' title="bbox 275 2241 1214 2314; baseline 0.003 -23"><span class='ocrx_word' id='word_1_195' title='bbox 275 2242 405 2308; x_wconf 79' lang='lat' dir='ltr'>mirandi,</span> <span class='ocrx_word' id='word_1_196' title='bbox 419 2245 464 2295; x_wconf 89' lang='lat' dir='ltr'>ted</span> <span class='ocrx_word' id='word_1_197' title='bbox 472 2258 521 2308; x_wconf 88' lang='lat' dir='ltr'>per</span> <span class='ocrx_word' id='word_1_198' title='bbox 533 2247 631 2298; x_wconf 84' lang='lat' dir='ltr'>modurn</span> <span class='ocrx_word' id='word_1_199' title='bbox 646 2248 722 2300; x_wconf 79' lang='lat' dir='ltr'>ortis.</span> <span class='ocrx_word' id='word_1_200' title='bbox 732 2243 854 2314; x_wconf 78' lang='lat' dir='ltr'>Spiritus</span> <span class='ocrx_word' id='word_1_201' title='bbox 868 2242 986 2298; x_wconf 89' lang='lat' dir='ltr'>naturali</span> <span class='ocrx_word' id='word_1_202' title='bbox 997 2241 1214 2311; x_wconf 87' lang='lat' dir='ltr'>virtuteoperari</span> 
     </span>
     <span class='ocr_line' id='line_1_26' title="bbox 276 2314 1214 2387; baseline 0.002 -20"><span class='ocrx_word' id='word_1_203' title='bbox 276 2325 393 2382; x_wconf 88' lang='lat' dir='ltr'>possunt</span> <span class='ocrx_word' id='word_1_204' title='bbox 407 2330 438 2370; x_wconf 91' lang='lat' dir='ltr'>ea</span> <span class='ocrx_word' id='word_1_205' title='bbox 461 2317 565 2384; x_wconf 88' lang='lat' dir='ltr'>omnia,</span> <span class='ocrx_word' id='word_1_206' title='bbox 579 2333 642 2387; x_wconf 87' lang='lat' dir='ltr'>quae</span> <span class='ocrx_word' id='word_1_207' title='bbox 656 2327 731 2374; x_wconf 91' lang='lat' dir='ltr'>motu</span> <span class='ocrx_word' id='word_1_208' title='bbox 745 2317 907 2387; x_wconf 87' lang='lat' dir='ltr'>viribusque</span> <span class='ocrx_word' id='word_1_209' title='bbox 921 2331 1066 2387; x_wconf 88' lang='lat' dir='ltr'>corporum</span> <span class='ocrx_word' id='word_1_210' title='bbox 1081 2315 1116 2369; x_wconf 95' lang='lat' dir='ltr'>ad</span> <span class='ocrx_word' id='word_1_211' title='bbox 1130 2314 1214 2385; x_wconf 89' lang='lat' dir='ltr'>linem</span> 
     </span>
     <span class='ocr_line' id='line_1_27' title="bbox 276 2387 1214 2462; baseline 0.001 -21"><span class='ocrx_word' id='word_1_212' title='bbox 276 2387 396 2457; x_wconf 87' lang='lat' dir='ltr'>aliquem</span> <span class='ocrx_word' id='word_1_213' title='bbox 423 2389 567 2457; x_wconf 83' lang='lat' dir='ltr'>adhibitis,</span> <span class='ocrx_word' id='word_1_214' title='bbox 590 2390 651 2446; x_wconf 86' lang='lat' dir='ltr'>lieri</span> <span class='ocrx_word' id='word_1_215' title='bbox 678 2392 890 2462; x_wconf 83' lang='lat' dir='ltr'>queunt-iuter</span> <span class='ocrx_word' id='word_1_216' title='bbox 914 2405 977 2461; x_wconf 86' lang='lat' dir='ltr'>quae</span> <span class='ocrx_word' id='word_1_217' title='bbox 1000 2389 1119 2459; x_wconf 88' lang='lat' dir='ltr'>plurima</span> <span class='ocrx_word' id='word_1_218' title='bbox 1144 2387 1214 2443; x_wconf 88' lang='lat' dir='ltr'>mira</span> 
     </span>
     <span class='ocr_line' id='line_1_28' title="bbox 276 2462 1214 2535; baseline 0.003 -20"><span class='ocrx_word' id='word_1_219' title='bbox 276 2469 352 2515; x_wconf 90' lang='lat' dir='ltr'>sunt.</span> <span class='ocrx_word' id='word_1_220' title='bbox 367 2462 512 2524; x_wconf 63' lang='lat' dir='ltr'>Tannoni</span> <span class='ocrx_word' id='word_1_221' title='bbox 526 2480 608 2535; x_wconf 91' lang='lat' dir='ltr'>quam</span> <span class='ocrx_word' id='word_1_222' title='bbox 622 2465 687 2519; x_wconf 90' lang='lat' dir='ltr'>mali</span> <span class='ocrx_word' id='word_1_223' title='bbox 707 2464 824 2535; x_wconf 89' lang='lat' dir='ltr'>spiritus</span> <span class='ocrx_word' id='word_1_224' title='bbox 839 2463 940 2519; x_wconf 82' lang='lat' dir='ltr'>diuinae</span> <span class='ocrx_word' id='word_1_225' title='bbox 955 2463 1134 2533; x_wconf 86' lang='lat' dir='ltr'>providentiae</span> <span class='ocrx_word' id='word_1_226' title='bbox 1147 2462 1214 2518; x_wconf 78' lang='lat' dir='ltr'>sult-</span> 
     </span>
     <span class='ocr_line' id='line_1_29' title="bbox 276 2534 1212 2601; baseline 0.001 -13"><span class='ocrx_word' id='word_1_227' title='bbox 276 2542 351 2588; x_wconf 88' lang='lat' dir='ltr'>sunt.</span> <span class='ocrx_word' id='word_1_228' title='bbox 366 2534 407 2589; x_wconf 76' lang='lat' dir='ltr'>An</span> <span class='ocrx_word' id='word_1_229' title='bbox 422 2535 505 2590; x_wconf 90' lang='lat' dir='ltr'>iidem</span> <span class='ocrx_word' id='word_1_230' title='bbox 520 2537 577 2592; x_wconf 86' lang='lat' dir='ltr'>sint</span> <span class='ocrx_word' id='word_1_231' title='bbox 590 2538 695 2593; x_wconf 84' lang='lat' dir='ltr'>homini</span> <span class='ocrx_word' id='word_1_232' title='bbox 710 2554 792 2593; x_wconf 89' lang='lat' dir='ltr'>causa</span> <span class='ocrx_word' id='word_1_233' title='bbox 803 2537 917 2593; x_wconf 90' lang='lat' dir='ltr'>erroris.</span> <span class='ocrx_word' id='word_1_234' title='bbox 930 2538 1013 2592; x_wconf 86' lang='lat' dir='ltr'>Pnor.</span> <span class='ocrx_word' id='word_1_235' title='bbox 1025 2536 1070 2592; x_wconf 85' lang='lat' dir='ltr'>lV.</span> <span class='ocrx_word' id='word_1_236' title='bbox 1081 2540 1146 2590; x_wconf 86' lang='lat' dir='ltr'>Boni</span> <span class='ocrx_word' id='word_1_237' title='bbox 1159 2539 1212 2601; x_wconf 84' lang='lat' dir='ltr'>epi-</span> 
     </span>
     <span class='ocr_line' id='line_1_30' title="bbox 275 2610 1214 2677; baseline 0.004 -18"><span class='ocrx_word' id='word_1_238' title='bbox 275 2610 342 2660; x_wconf 79' lang='lat' dir='ltr'>ritne</span> <span class='ocrx_word' id='word_1_239' title='bbox 353 2612 477 2662; x_wconf 83' lang='lat' dir='ltr'>miraculo</span> <span class='ocrx_word' id='word_1_240' title='bbox 486 2615 591 2676; x_wconf 83' lang='lat' dir='ltr'>proprie</span> <span class='ocrx_word' id='word_1_241' title='bbox 603 2614 671 2666; x_wconf 81' lang='lat' dir='ltr'>dicto</span> <span class='ocrx_word' id='word_1_242' title='bbox 684 2616 785 2677; x_wconf 82' lang='lat' dir='ltr'>operari</span> <span class='ocrx_word' id='word_1_243' title='bbox 794 2619 900 2677; x_wconf 81' lang='lat' dir='ltr'>potsunt</span> <span class='ocrx_word' id='word_1_244' title='bbox 923 2628 974 2665; x_wconf 88' lang='lat' dir='ltr'>non</span> <span class='ocrx_word' id='word_1_245' title='bbox 996 2618 1117 2676; x_wconf 77' lang='lat' dir='ltr'>canonum</span> <span class='ocrx_word' id='word_1_246' title='bbox 1130 2623 1214 2664; x_wconf 82' lang='lat' dir='ltr'>eonem</span> 
     </span>
     <span class='ocr_line' id='line_1_31' title="bbox 272 2684 1214 2751; baseline 0.003 -18"><span class='ocrx_word' id='word_1_247' title='bbox 272 2684 437 2746; x_wconf 79' lang='lat' dir='ltr'>principales,</span> <span class='ocrx_word' id='word_1_248' title='bbox 451 2688 496 2736; x_wconf 80' lang='lat' dir='ltr'>aed</span> <span class='ocrx_word' id='word_1_249' title='bbox 509 2692 628 2751; x_wconf 81' lang='lat' dir='ltr'>tanquam</span> <span class='ocrx_word' id='word_1_250' title='bbox 641 2690 689 2738; x_wconf 84' lang='lat' dir='ltr'>Dei</span> <span class='ocrx_word' id='word_1_251' title='bbox 702 2690 872 2740; x_wconf 82' lang='lat' dir='ltr'>instrumenta</span> <span class='ocrx_word' id='word_1_252' title='bbox 885 2701 915 2738; x_wconf 89' lang='lat' dir='ltr'>oo</span> <span class='ocrx_word' id='word_1_253' title='bbox 928 2688 1041 2738; x_wconf 77' lang='lat' dir='ltr'>ministri</span> <span class='ocrx_word' id='word_1_254' title='bbox 1045 2700 1056 2748; x_wconf 89' lang='lat'>,·</span> <span class='ocrx_word' id='word_1_255' title='bbox 1070 2688 1097 2737; x_wconf 88' lang='lat' dir='ltr'>id</span> <span class='ocrx_word' id='word_1_256' title='bbox 1106 2687 1172 2749; x_wconf 90' lang='lat' dir='ltr'>qnod</span> <span class='ocrx_word' id='word_1_257' title='bbox 1182 2687 1214 2737; x_wconf 87' lang='lat' dir='ltr'>de</span> 
     </span>
     <span class='ocr_line' id='line_1_32' title="bbox 274 2756 1213 2832; baseline 0.004 -26"><span class='ocrx_word' id='word_1_258' title='bbox 274 2757 348 2807; x_wconf 80' lang='lat' dir='ltr'>notio</span> <span class='ocrx_word' id='word_1_259' title='bbox 360 2756 493 2820; x_wconf 78' lang='lat' dir='ltr'>spiritibus</span> <span class='ocrx_word' id='word_1_260' title='bbox 506 2762 557 2812; x_wconf 82' lang='lat' dir='ltr'>diei</span> <span class='ocrx_word' id='word_1_261' title='bbox 570 2764 665 2825; x_wconf 82' lang='lat' dir='ltr'>nequit.</span> <span class='ocrx_word' id='word_1_262' title='bbox 682 2758 780 2832; x_wconf 77' lang='lat' dir='ltr'>Angeli</span> <span class='ocrx_word' id='word_1_263' title='bbox 792 2757 827 2813; x_wconf 92' lang='lat' dir='ltr'>ad</span> <span class='ocrx_word' id='word_1_264' title='bbox 841 2757 974 2814; x_wconf 89' lang='lat' dir='ltr'>miracula</span> <span class='ocrx_word' id='word_1_265' title='bbox 986 2756 1111 2814; x_wconf 85' lang='lat' dir='ltr'>iacienda</span> <span class='ocrx_word' id='word_1_266' title='bbox 1125 2756 1213 2827; x_wconf 89' lang='lat' dir='ltr'>tripli·</span> 
     </span>
     <span class='ocr_line' id='line_1_33' title="bbox 274 2827 1212 2903; baseline 0.003 -21"><span class='ocrx_word' id='word_1_267' title='bbox 274 2827 344 2883; x_wconf 91' lang='lat' dir='ltr'>citer</span> <span class='ocrx_word' id='word_1_268' title='bbox 357 2839 516 2899; x_wconf 86' lang='lat' dir='ltr'>operantur.</span> <span class='ocrx_word' id='word_1_269' title='bbox 532 2831 683 2901; x_wconf 78' lang='lat' dir='ltr'>speciatim</span> <span class='ocrx_word' id='word_1_270' title='bbox 706 2848 772 2888; x_wconf 92' lang='lat' dir='ltr'>vero</span> <span class='ocrx_word' id='word_1_271' title='bbox 797 2831 921 2887; x_wconf 86' lang='lat' dir='ltr'>divinum</span> <span class='ocrx_word' id='word_1_272' title='bbox 945 2841 1114 2903; x_wconf 74' lang='lat' dir='ltr'>praeceptum</span> <span class='ocrx_word' id='word_1_273' title='bbox 1131 2846 1212 2886; x_wconf 82' lang='lat' dir='ltr'>exse·</span> 
     </span>
    </p>

    <p class='ocr_par' dir='ltr' id='par_1_7' title="bbox 222 2901 1213 2975">
     <span class='ocr_line' id='line_1_34' title="bbox 222 2901 1213 2975; baseline 0.004 -21"><span class='ocrx_word' id='word_1_274' title='bbox 222 2938 224 2943; x_wconf 83' lang='lat'>·</span> <span class='ocrx_word' id='word_1_275' title='bbox 274 2901 416 2971; x_wconf 92' lang='lat' dir='ltr'>quendum</span> <span class='ocrx_word' id='word_1_276' title='bbox 440 2905 574 2960; x_wconf 85' lang='lat' dir='ltr'>creaturis</span> <span class='ocrx_word' id='word_1_277' title='bbox 594 2906 761 2962; x_wconf 81' lang='lat' dir='ltr'>exhibendo.</span> <span class='ocrx_word' id='word_1_278' title='bbox 778 2906 807 2961; x_wconf 89' lang='lat' dir='ltr'>Si</span> <span class='ocrx_word' id='word_1_279' title='bbox 830 2906 905 2961; x_wconf 86' lang='lat' dir='ltr'>Deus</span> <span class='ocrx_word' id='word_1_280' title='bbox 928 2905 1061 2960; x_wconf 88' lang='lat' dir='ltr'>miracula</span> <span class='ocrx_word' id='word_1_281' title='bbox 1086 2902 1213 2975; x_wconf 89' lang='lat' dir='ltr'>patrandi</span> 
     </span>
    </p>
   </div>
   <div class='ocr_carea' id='block_1_6' title="bbox 274 2974 1288 3105">
    <p class='ocr_par' dir='ltr' id='par_1_8' title="bbox 274 2974 1288 3105">
     <span class='ocr_line' id='line_1_35' title="bbox 275 2974 1288 3105; baseline 0.004 -77"><span class='ocrx_word' id='word_1_282' title='bbox 275 2974 432 3103; x_wconf 54' lang='grc' dir='ltr'>4ῗὲυ4ἱῑιιθω</span> <span class='ocrx_word' id='word_1_283' title='bbox 445 2979 527 3034; x_wconf 90' lang='lat' dir='ltr'>malis</span> <span class='ocrx_word' id='word_1_284' title='bbox 540 2979 685 3049; x_wconf 82' lang='lat' dir='ltr'>spiritibus</span> <span class='ocrx_word' id='word_1_285' title='bbox 699 2980 788 3048; x_wconf 88' lang='lat' dir='ltr'>daret,</span> <span class='ocrx_word' id='word_1_286' title='bbox 802 2994 898 3035; x_wconf 88' lang='lat' dir='ltr'>eorum</span> <span class='ocrx_word' id='word_1_287' title='bbox 913 2978 1041 3035; x_wconf 81' lang='lat' dir='ltr'>salsitatis</span> <span class='ocrx_word' id='word_1_288' title='bbox 1055 2978 1135 3035; x_wconf 85' lang='lat' dir='ltr'>testis</span> <span class='ocrx_word' id='word_1_289' title='bbox 1152 2977 1212 3033; x_wconf 81' lang='lat' dir='ltr'>exi·</span> <span class='ocrx_word' id='word_1_290' title='bbox 1231 3049 1288 3105; x_wconf 52' lang='lat'>404</span> 
     </span>
     <span class='ocr_line' id='line_1_36' title="bbox 274 3063 348 3103; baseline -0.014 0"><span class='ocrx_word' id='word_1_291' title='bbox 274 3063 288 3103; x_wconf 91' lang='lat' dir='ltr'>s</span> <span class='ocrx_word' id='word_1_292' title='bbox 317 3064 348 3102; x_wconf 88' lang='lat' dir='ltr'>rc</span> 
     </span>
    </p>
   </div>
   <div class='ocr_carea' id='block_1_7' title="bbox 188 3138 1305 3935">
    <p class='ocr_par' dir='ltr' id='par_1_9' title="bbox 197 3138 1213 3207">
     <span class='ocr_line' id='line_1_37' title="bbox 197 3138 1213 3207; baseline 0.004 -15"><span class='ocrx_word' id='word_1_293' title='bbox 197 3138 267 3193; x_wconf 84' lang='lat' dir='ltr'>Anu.</span> <span class='ocrx_word' id='word_1_294' title='bbox 283 3139 330 3194; x_wconf 93' lang='lat' dir='ltr'>lll.</span> <span class='ocrx_word' id='word_1_295' title='bbox 340 3145 377 3193; x_wconf 88' lang='lat' dir='ltr'>De</span> <span class='ocrx_word' id='word_1_296' title='bbox 389 3156 466 3194; x_wconf 80' lang='lat' dir='ltr'>conen</span> <span class='ocrx_word' id='word_1_297' title='bbox 478 3146 658 3196; x_wconf 81' lang='lat' dir='ltr'>miraculorum</span> <span class='ocrx_word' id='word_1_298' title='bbox 671 3146 755 3207; x_wconf 70' lang='lat' dir='ltr'>finali.</span> <span class='ocrx_word' id='word_1_299' title='bbox 765 3143 846 3197; x_wconf 73' lang='lat' dir='ltr'>Pnor&#39;.</span> <span class='ocrx_word' id='word_1_300' title='bbox 855 3141 886 3196; x_wconf 82' lang='lat' dir='ltr'>V.</span> <span class='ocrx_word' id='word_1_301' title='bbox 896 3146 994 3196; x_wconf 82' lang='lat' dir='ltr'>Finnlia</span> <span class='ocrx_word' id='word_1_302' title='bbox 1005 3146 1124 3196; x_wconf 84' lang='lat' dir='ltr'>miraculi</span> <span class='ocrx_word' id='word_1_303' title='bbox 1135 3157 1213 3196; x_wconf 80' lang='lat' dir='ltr'>contu</span> 
     </span>
    </p>

    <p class='ocr_par' dir='ltr' id='par_1_10' title="bbox 188 3217 1305 3935">
     <span class='ocr_line' id='line_1_38' title="bbox 188 3217 1213 3287; baseline 0 -19"><span class='ocrx_word' id='word_1_304' title='bbox 188 3282 189 3287; x_wconf 7' lang='grc' dir='ltr'>ἵ</span> <span class='ocrx_word' id='word_1_305' title='bbox 273 3230 325 3268; x_wconf 90' lang='lat' dir='ltr'>non</span> <span class='ocrx_word' id='word_1_306' title='bbox 338 3218 438 3280; x_wconf 85' lang='lat' dir='ltr'>quidem</span> <span class='ocrx_word' id='word_1_307' title='bbox 452 3219 480 3268; x_wconf 87' lang='lat' dir='ltr'>in</span> <span class='ocrx_word' id='word_1_308' title='bbox 492 3220 581 3270; x_wconf 79' lang='lat' dir='ltr'>ordine</span> <span class='ocrx_word' id='word_1_309' title='bbox 590 3221 706 3284; x_wconf 76' lang='lat' dir='ltr'>physico,</span> <span class='ocrx_word' id='word_1_310' title='bbox 720 3221 765 3270; x_wconf 81' lang='lat' dir='ltr'>ced</span> <span class='ocrx_word' id='word_1_311' title='bbox 783 3220 811 3269; x_wconf 88' lang='lat' dir='ltr'>in</span> <span class='ocrx_word' id='word_1_312' title='bbox 833 3219 921 3269; x_wconf 81' lang='lat' dir='ltr'>altiori</span> <span class='ocrx_word' id='word_1_313' title='bbox 936 3217 1105 3281; x_wconf 79' lang='lat' dir='ltr'>providentioe</span> <span class='ocrx_word' id='word_1_314' title='bbox 1124 3219 1213 3269; x_wconf 88' lang='lat' dir='ltr'>ordine</span> 
     </span>
     <span class='ocr_line' id='line_1_39' title="bbox 272 3292 1211 3356; baseline 0.001 -14"><span class='ocrx_word' id='word_1_315' title='bbox 272 3292 550 3356; x_wconf 60' lang='lat' dir='ltr'>nortmanniamque</span> <span class='ocrx_word' id='word_1_316' title='bbox 559 3299 596 3344; x_wconf 80' lang='lat' dir='ltr'>eet</span> <span class='ocrx_word' id='word_1_317' title='bbox 607 3297 702 3356; x_wconf 75' lang='lat' dir='ltr'>portio,</span> <span class='ocrx_word' id='word_1_318' title='bbox 712 3298 741 3345; x_wconf 86' lang='lat' dir='ltr'>nt</span> <span class='ocrx_word' id='word_1_319' title='bbox 753 3294 876 3344; x_wconf 79' lang='lat' dir='ltr'>miraculo</span> <span class='ocrx_word' id='word_1_320' title='bbox 885 3297 1005 3356; x_wconf 80' lang='lat' dir='ltr'>tunquam</span> <span class='ocrx_word' id='word_1_321' title='bbox 1017 3293 1089 3356; x_wconf 79' lang='lat' dir='ltr'>eipno</span> <span class='ocrx_word' id='word_1_322' title='bbox 1099 3305 1129 3343; x_wconf 85' lang='lat' dir='ltr'>uo</span> <span class='ocrx_word' id='word_1_323' title='bbox 1138 3292 1211 3343; x_wconf 84' lang='lat' dir='ltr'>teeti·</span> 
     </span>
     <span class='ocr_line' id='line_1_40' title="bbox 271 3362 1210 3434; baseline 0.004 -20"><span class='ocrx_word' id='word_1_324' title='bbox 271 3363 356 3415; x_wconf 84' lang='lat' dir='ltr'>monio</span> <span class='ocrx_word' id='word_1_325' title='bbox 369 3366 453 3417; x_wconf 85' lang='lat' dir='ltr'>divino</span> <span class='ocrx_word' id='word_1_326' title='bbox 467 3367 565 3430; x_wconf 65' lang='lat' dir='ltr'>utquid</span> <span class='ocrx_word' id='word_1_327' title='bbox 577 3380 593 3417; x_wconf 87' lang='lat' dir='ltr'>n</span> <span class='ocrx_word' id='word_1_328' title='bbox 605 3369 658 3418; x_wconf 86' lang='lat' dir='ltr'>Deo</span> <span class='ocrx_word' id='word_1_329' title='bbox 670 3367 815 3418; x_wconf 73' lang='lat' dir='ltr'>remittitor</span> <span class='ocrx_word' id='word_1_330' title='bbox 825 3366 1011 3433; x_wconf 73' lang='lat' dir='ltr'>neoniseetetnr.</span> <span class='ocrx_word' id='word_1_331' title='bbox 1025 3362 1101 3419; x_wconf 87' lang='lat' dir='ltr'>Ordo</span> <span class='ocrx_word' id='word_1_332' title='bbox 1114 3362 1210 3434; x_wconf 83' lang='lat' dir='ltr'>physi-</span> 
     </span>
     <span class='ocr_line' id='line_1_41' title="bbox 270 3435 1211 3509; baseline 0 -19"><span class='ocrx_word' id='word_1_333' title='bbox 270 3450 321 3491; x_wconf 90' lang='lat' dir='ltr'>cus</span> <span class='ocrx_word' id='word_1_334' title='bbox 334 3435 427 3490; x_wconf 88' lang='lat' dir='ltr'>minus</span> <span class='ocrx_word' id='word_1_335' title='bbox 441 3446 515 3505; x_wconf 90' lang='lat' dir='ltr'>patet</span> <span class='ocrx_word' id='word_1_336' title='bbox 534 3452 617 3508; x_wconf 91' lang='lat' dir='ltr'>quam</span> <span class='ocrx_word' id='word_1_337' title='bbox 636 3437 705 3493; x_wconf 89' lang='lat' dir='ltr'>ordo</span> <span class='ocrx_word' id='word_1_338' title='bbox 722 3436 914 3509; x_wconf 87' lang='lat' dir='ltr'>providentiae,</span> <span class='ocrx_word' id='word_1_339' title='bbox 930 3445 956 3492; x_wconf 91' lang='lat' dir='ltr'>et</span> <span class='ocrx_word' id='word_1_340' title='bbox 968 3437 1033 3493; x_wconf 87' lang='lat' dir='ltr'>huie</span> <span class='ocrx_word' id='word_1_341' title='bbox 1047 3436 1211 3493; x_wconf 83' lang='lat' dir='ltr'>subordina-</span> 
     </span>
     <span class='ocr_line' id='line_1_42' title="bbox 271 3507 1209 3581; baseline 0.001 -17"><span class='ocrx_word' id='word_1_342' title='bbox 271 3519 326 3564; x_wconf 91' lang='lat' dir='ltr'>tur.</span> <span class='ocrx_word' id='word_1_343' title='bbox 340 3507 408 3577; x_wconf 85' lang='lat' dir='ltr'>Quae</span> <span class='ocrx_word' id='word_1_344' title='bbox 421 3509 496 3565; x_wconf 80' lang='lat' dir='ltr'>[leus</span> <span class='ocrx_word' id='word_1_345' title='bbox 509 3526 558 3580; x_wconf 91' lang='lat' dir='ltr'>per</span> <span class='ocrx_word' id='word_1_346' title='bbox 571 3510 704 3566; x_wconf 86' lang='lat' dir='ltr'>miracula</span> <span class='ocrx_word' id='word_1_347' title='bbox 717 3520 844 3578; x_wconf 90' lang='lat' dir='ltr'>testatur,</span> <span class='ocrx_word' id='word_1_348' title='bbox 859 3510 894 3566; x_wconf 91' lang='lat' dir='ltr'>ad</span> <span class='ocrx_word' id='word_1_349' title='bbox 906 3511 1026 3580; x_wconf 88' lang='lat' dir='ltr'>aliquam</span> <span class='ocrx_word' id='word_1_350' title='bbox 1040 3520 1099 3565; x_wconf 89' lang='lat' dir='ltr'>tum</span> <span class='ocrx_word' id='word_1_351' title='bbox 1113 3524 1209 3581; x_wconf 90' lang='lat' dir='ltr'>perso·</span> 
     </span>
     <span class='ocr_line' id='line_1_43' title="bbox 270 3583 1207 3655; baseline 0.003 -19"><span class='ocrx_word' id='word_1_352' title='bbox 270 3598 346 3648; x_wconf 88' lang='lat' dir='ltr'>narn,</span> <span class='ocrx_word' id='word_1_353' title='bbox 366 3592 424 3638; x_wconf 90' lang='lat' dir='ltr'>tum</span> <span class='ocrx_word' id='word_1_354' title='bbox 447 3583 601 3639; x_wconf 88' lang='lat' dir='ltr'>doctrinam</span> <span class='ocrx_word' id='word_1_355' title='bbox 627 3586 768 3655; x_wconf 90' lang='lat' dir='ltr'>pertinere</span> <span class='ocrx_word' id='word_1_356' title='bbox 793 3594 919 3654; x_wconf 87' lang='lat' dir='ltr'>possunt.</span> <span class='ocrx_word' id='word_1_357' title='bbox 935 3585 1015 3640; x_wconf 88' lang='lat' dir='ltr'>Prior</span> <span class='ocrx_word' id='word_1_358' title='bbox 1039 3599 1104 3654; x_wconf 89' lang='lat' dir='ltr'>pars</span> <span class='ocrx_word' id='word_1_359' title='bbox 1129 3597 1207 3654; x_wconf 91' lang='lat' dir='ltr'>prop.</span> 
     </span>
     <span class='ocr_line' id='line_1_44' title="bbox 270 3657 1208 3729; baseline 0.002 -20"><span class='ocrx_word' id='word_1_360' title='bbox 270 3657 403 3727; x_wconf 85' lang='lat' dir='ltr'>probatur</span> <span class='ocrx_word' id='word_1_361' title='bbox 422 3673 457 3711; x_wconf 83' lang='lat' dir='ltr'>ex</span> <span class='ocrx_word' id='word_1_362' title='bbox 471 3657 616 3729; x_wconf 92' lang='lat' dir='ltr'>utriusque</span> <span class='ocrx_word' id='word_1_363' title='bbox 628 3659 736 3714; x_wconf 90' lang='lat' dir='ltr'>ordinis</span> <span class='ocrx_word' id='word_1_364' title='bbox 750 3668 858 3714; x_wconf 89' lang='lat' dir='ltr'>natura.</span> <span class='ocrx_word' id='word_1_365' title='bbox 873 3659 965 3713; x_wconf 80' lang='lat' dir='ltr'>Altera</span> <span class='ocrx_word' id='word_1_366' title='bbox 980 3661 1008 3712; x_wconf 81' lang='grc' dir='ltr'>4ο</span> <span class='ocrx_word' id='word_1_367' title='bbox 1021 3674 1055 3713; x_wconf 87' lang='lat' dir='ltr'>ex</span> <span class='ocrx_word' id='word_1_368' title='bbox 1068 3672 1208 3713; x_wconf 91' lang='lat' dir='ltr'>consensu</span> 
     </span>
     <span class='ocr_line' id='line_1_45' title="bbox 270 3730 1305 3803; baseline 0.001 -19"><span class='ocrx_word' id='word_1_369' title='bbox 270 3730 394 3785; x_wconf 90' lang='lat' dir='ltr'>omnium</span> <span class='ocrx_word' id='word_1_370' title='bbox 421 3733 631 3801; x_wconf 66' lang='lat' dir='ltr'>populorum-2⁰</span> <span class='ocrx_word' id='word_1_371' title='bbox 644 3748 678 3787; x_wconf 87' lang='lat' dir='ltr'>ex</span> <span class='ocrx_word' id='word_1_372' title='bbox 696 3733 757 3803; x_wconf 91' lang='lat' dir='ltr'>ipsa</span> <span class='ocrx_word' id='word_1_373' title='bbox 783 3731 910 3786; x_wconf 88' lang='lat' dir='ltr'>miraculi</span> <span class='ocrx_word' id='word_1_374' title='bbox 933 3739 1029 3786; x_wconf 89' lang='lat' dir='ltr'>natura</span> <span class='ocrx_word' id='word_1_375' title='bbox 1047 3733 1075 3787; x_wconf 82' lang='lat'>5⁰</span> <span class='ocrx_word' id='word_1_376' title='bbox 1088 3748 1123 3786; x_wconf 84' lang='lat' dir='ltr'>ox</span> <span class='ocrx_word' id='word_1_377' title='bbox 1136 3731 1209 3786; x_wconf 90' lang='lat' dir='ltr'>veri·</span> <span class='ocrx_word' id='word_1_378' title='bbox 1271 3747 1274 3751; x_wconf 69' lang='grc'><em>’</em></span> <span class='ocrx_word' id='word_1_379' title='bbox 1302 3759 1305 3763; x_wconf 67' lang='lat'>,</span> 
     </span>
     <span class='ocr_line' id='line_1_46' title="bbox 268 3804 1206 3878; baseline 0.001 -20"><span class='ocrx_word' id='word_1_380' title='bbox 268 3812 356 3859; x_wconf 86' lang='lat' dir='ltr'>tatum</span> <span class='ocrx_word' id='word_1_381' title='bbox 370 3806 621 3874; x_wconf 89' lang='lat' dir='ltr'>supernaturalium</span> <span class='ocrx_word' id='word_1_382' title='bbox 633 3807 767 3862; x_wconf 88' lang='lat' dir='ltr'>relatione</span> <span class='ocrx_word' id='word_1_383' title='bbox 776 3806 812 3860; x_wconf 94' lang='lat' dir='ltr'>ad</span> <span class='ocrx_word' id='word_1_384' title='bbox 823 3805 970 3860; x_wconf 88' lang='lat' dir='ltr'>humanam</span> <span class='ocrx_word' id='word_1_385' title='bbox 984 3804 1206 3878; x_wconf 83' lang='lat' dir='ltr'>intelligentiam.</span> 
     </span>
     <span class='ocr_line' id='line_1_47' title="bbox 269 3876 1283 3935; baseline 0.001 -1"><span class='ocrx_word' id='word_1_386' title='bbox 269 3876 438 3934; x_wconf 81' lang='lat' dir='ltr'>Conotnaam</span> <span class='ocrx_word' id='word_1_387' title='bbox 500 3918 1204 3935; x_wconf 89' lang='grc'><strong>.........</strong></span> <span class='ocrx_word' id='word_1_388' title='bbox 1226 3876 1283 3935; x_wconf 80' lang='lat' dir='ltr'>tut</span> 
     </span>
    </p>
   </div>
   <div class='ocr_carea' id='block_1_8' title="bbox 193 3967 1211 4113">
    <p class='ocr_par' dir='ltr' id='par_1_11' title="bbox 193 3967 1211 4113">
     <span class='ocr_line' id='line_1_48' title="bbox 193 3967 1205 4039; baseline 0.001 -16"><span class='ocrx_word' id='word_1_389' title='bbox 193 3967 261 4024; x_wconf 81' lang='lat' dir='ltr'>Aur.</span> <span class='ocrx_word' id='word_1_390' title='bbox 277 3968 320 4022; x_wconf 86' lang='lat' dir='ltr'>lll.</span> <span class='ocrx_word' id='word_1_391' title='bbox 329 3973 366 4022; x_wconf 85' lang='lat' dir='ltr'>De</span> <span class='ocrx_word' id='word_1_392' title='bbox 378 3969 527 4035; x_wconf 77' lang='lat' dir='ltr'>potiundam</span> <span class='ocrx_word' id='word_1_393' title='bbox 538 3973 612 4038; x_wconf 72' lang='lat' dir='ltr'>solete</span> <span class='ocrx_word' id='word_1_394' title='bbox 621 3974 740 4024; x_wconf 85' lang='lat' dir='ltr'>miroentt</span> <span class='ocrx_word' id='word_1_395' title='bbox 750 3974 903 4024; x_wconf 82' lang='lat' dir='ltr'>notionidna.</span> <span class='ocrx_word' id='word_1_396' title='bbox 917 3968 1092 4039; x_wconf 86' lang='lat' dir='ltr'>Rejluiuntur</span> <span class='ocrx_word' id='word_1_397' title='bbox 1104 3968 1205 4024; x_wconf 87' lang='lat' dir='ltr'>delini·</span> 
     </span>
     <span class='ocr_line' id='line_1_49' title="bbox 268 4040 1211 4113; baseline 0.004 -18"><span class='ocrx_word' id='word_1_398' title='bbox 268 4040 358 4097; x_wconf 88' lang='lat' dir='ltr'>tiones</span> <span class='ocrx_word' id='word_1_399' title='bbox 384 4042 509 4113; x_wconf 88' lang='lat' dir='ltr'>Spinosae</span> <span class='ocrx_word' id='word_1_400' title='bbox 534 4054 562 4100; x_wconf 90' lang='lat' dir='ltr'>et</span> <span class='ocrx_word' id='word_1_401' title='bbox 586 4044 707 4100; x_wconf 84' lang='lat' dir='ltr'>Lockii·</span> <span class='ocrx_word' id='word_1_402' title='bbox 727 4044 853 4100; x_wconf 83' lang='lat' dir='ltr'>Tlreoriee</span> <span class='ocrx_word' id='word_1_403' title='bbox 880 4043 1010 4108; x_wconf 81' lang='lat' dir='ltr'>Clarcltii,</span> <span class='ocrx_word' id='word_1_404' title='bbox 1038 4045 1155 4100; x_wconf 88' lang='lat' dir='ltr'>Bonueti</span> <span class='ocrx_word' id='word_1_405' title='bbox 1181 4052 1211 4099; x_wconf 89' lang='lat' dir='ltr'>et</span> 
     </span>
    </p>
   </div>
   <div class='ocr_carea' id='block_1_9' title="bbox 0 0 1400 4600">
    <p class='ocr_par' dir='ltr' id='par_1_12' title="bbox 0 0 1400 4600">
     <span class='ocr_line' id='line_1_50' title="bbox 0 0 1400 4600; baseline 0 0"><span class='ocrx_word' id='word_1_406' title='bbox 0 0 1400 4600; x_wconf 95' lang='lat' dir='ltr'> </span> 
     </span>
    </p>
   </div>
  </div>
 </body>
</html>
