2792 4600
216 281 282 346 utu
397 339 400 343 .
558 263 560 268 ’
653 296 847 345 ccsuomcn.

214 412 335 495 vigebit
362 431 398 475 ex
426 428 491 493 quo
509 410 764 492 priusquaedam
782 411 952 475 moleculae
983 412 1243 493 segregabantur,
1272 425 1303 479 et

215 520 389 591 segregatas
403 512 461 571 lrac
474 509 550 571 illac
564 509 743 571 volitabant
761 527 769 587 ;
786 526 862 572 cum
880 510 942 573 hnc
958 518 1083 572 tantum
1102 510 1297 584 discrimine,

214 609 302 689 quud
318 626 407 671 nuuc
419 625 485 671 non
509 615 607 670 erunt
617 606 839 670 minutissima
857 608 1064 689 corpuscula,
1081 616 1117 671 ut
1133 608 1234 685 prius,
1247 612 1299 674 sed

212 706 444 769 minutissimae
471 706 663 769 resistentiae
688 706 728 767 ad
756 707 858 769 instar
887 705 1174 785 corpusculorum.
1197 708 1298 772 Simili

212 802 281 867 fere
300 804 400 868 modu
420 821 479 886 per
502 803 682 868 accidentia
701 803 850 866 absoluta
873 805 973 880 multa
999 804 1139 885 explicat
1163 823 1190 867 s.
1218 804 1299 886 Thu·

215 921 284 967 mas
301 905 348 982 (ι).

255 1002 289 1066 Si
318 1003 381 1065 hoc
408 1018 475 1064 non
491 1002 607 1081 placet,
626 1000 721 1063 facile
737 999 911 1083 intelliges,
932 1001 1007 1063 aliis
1037 1019 1171 1083 quoque
1188 1004 1300 1066 modis

212 1102 317 1165 ileum
330 1102 448 1164 odores
466 1116 642 1180 corporum
665 1117 793 1162 servare
810 1119 923 1181 posse;
941 1119 1060 1182 nempe
1075 1101 1123 1163 vel
1144 1104 1298 1167 seruando

213 1201 299 1263 intra
326 1198 485 1280 quosdam
501 1197 622 1259 limites
638 1198 816 1278 particulas
831 1199 961 1274 odoras,
979 1219 1052 1280 quae
1065 1200 1156 1280 prius
1178 1218 1197 1262 a
1225 1201 1297 1264 sult-

213 1299 329 1363 stantia
353 1297 528 1373 effluxere3
551 1297 600 1359 vel
623 1297 720 1359 etiam
745 1298 934 1361 immediate
953 1298 1126 1361 efficiendo
1148 1299 1183 1360 in
1205 1317 1296 1363 sensu

212 1397 446 1479 impressiones
461 1414 526 1470 eas,
545 1412 626 1476 quas
643 1396 831 1475 huiusmodi
848 1398 1044 1478 corpuscula
1059 1398 1242 1479 gignerent.

252 1495 324 1560 259.
338 1494 444 1558 Facile
455 1495 602 1575 colliges,
618 1513 685 1575 quo
701 1503 795 1577 pacto
804 1496 895 1577 juxta
911 1497 995 1559 hauc
1009 1498 1204 1560 sententiam
1216 1500 1297 1561 acci·

210 1594 321 1659 dentia
335 1611 512 1675 carporum
527 1593 649 1674 absque
665 1593 812 1675 subiecto
835 1612 968 1657 manere
985 1595 1152 1659 dicuntur.
1171 1595 1296 1662 Manent

209 1692 363 1758 videlicet
377 1710 444 1755 non
459 1690 640 1754 secundum
657 1693 824 1755 entitatem
843 1710 942 1774 quam
962 1693 1055 1774 prius
1070 1693 1105 1756 in
1120 1694 1295 1759 substantia

211 1791 385 1865 habehant,
407 1789 464 1853 sed
486 1788 649 1851 secundum
670 1790 825 1851 entitatem
852 1788 1033 1871 offectuum,·
1059 1803 1202 1873 suntque
1232 1794 1295 1856 haec

196 1890 391 1954 >accidentia
420 1890 492 1951 sine
517 1888 664 1969 subjecto
690 1888 834 1951 identica
859 1908 934 1952 cum
959 1890 1195 1978 accidentibus,
1227 1910 1295 1974 quae

208 1990 302 2072 prius
317 1999 410 2052 erant
422 1987 455 2050 in
470 1986 628 2069 subjectu,
643 2004 711 2052 uon
724 1988 893 2052 identitate
909 1989 1077 2053 numerica
1092 1998 1125 2052 et
1135 1990 1292 2065 absoluta,

188 2145 192 2152 .
209 2089 266 2152 sed
284 2087 453 2174 identitate
468 2086 599 2149 relatiua
612 2087 788 2151 etsensibili

248 2186 321 2253 240.
338 2188 404 2251 Hac
418 2186 545 2249 ratione
561 2187 654 2248 multi
672 2187 873 2250 recentiores
885 2207 983 2251 sacrae
996 2189 1213 2254 Eucharistiae
1230 2208 1294 2271 my·
1366 2249 1367 2278 ἢ

207 2285 356 2362 sterium,
373 2285 462 2368 quon
479 2284 593 2349 attinet
608 2284 648 2348 ad
663 2286 758 2368 panis
770 2286 905 2369 vinique
919 2288 1045 2370 species
1060 2288 1095 2351 in
1111 2307 1150 2352 eo
1163 2307 1293 2354 manen·

178 2459 183 2464 ⁸
204 2394 266 2462 tes,
299 2384 454 2466 explicari
471 2402 566 2465 posse
580 2394 761 2449 autumant.
778 2387 862 2450 Sunt
873 2388 969 2478 etiam
986 2389 1044 2471 qui
1057 2389 1291 2454 contradicant.
1365 2442 1366 2475 ᾗ

202 2483 305 2548 Nobis
335 2484 412 2546 satis
436 2483 498 2545 erit
511 2482 574 2547 huc
589 2501 691 2552 unum
722 2486 915 2552 monuisse:
933 2498 1036 2569 quutn
1065 2489 1106 2551 de
1131 2490 1293 2571 mysteriis

205 2583 327 2646 divinis
338 2583 455 2664 agitur,
474 2582 557 2645 illud
570 2599 700 2665 semper
716 2603 782 2667 prae
796 2586 903 2649 oculis
925 2587 1113 2652 habendum
1127 2606 1223 2654 esse:
1244 2592 1293 2670 agi
1364 2592 1365 2669 ζ

203 2683 246 2745 tle
258 2682 355 2745 rebus
369 2683 520 2759 humanae
532 2685 632 2744 menti
650 2683 837 2751 inaccessis.

234 2834 266 2890 m
276 2833 342 2879 sum.
354 2833 385 2878 ιι.
399 2830 696 2891 utinamutinam.
709 2835 739 2883 ιι
754 2859 779 2869 -
792 2835 843 2884 ιιι.
