2792 4600
151 254 214 318 394
586 269 775 316 cosnotocn.

193 389 226 449 5⁰
250 386 397 466 Denique
413 393 448 447 ut
463 385 654 465 organicum
681 384 848 465 quoddam
865 403 985 466 corpus
1001 386 1109 447 anima
1131 385 1239 466 intor-

152 495 270 559 metur,
289 486 355 547 sive
370 484 530 546 sentiente
547 490 685 557 tantum,
703 484 770 546 sive
785 483 945 545 sentiente
960 492 991 545 et
1010 484 1174 547 rationali.

193 587 263 649 lam
289 585 365 665 quis
381 592 429 645 est
445 583 526 646 adeo
542 601 664 656 vecors,
687 583 744 662 qui
765 601 832 647 non
859 583 1005 658 fateatur,
1035 583 1104 646 haec
1127 584 1241 645 omnia

151 704 172 749 a
200 683 343 747 materie
370 681 601 745 essentialibus
628 681 898 761 proprietatibus,
929 682 1119 744 extensione
1147 699 1185 744 ac
1206 681 1238 743 vi

153 782 340 857 resistendi,
369 791 433 845 tam
457 798 572 862 parum
588 782 758 862 consequi,
776 798 875 862 quam
893 799 1008 861 parum
1024 780 1242 861 consequitur

152 900 192 945 ex
210 882 292 961 ligni
307 881 446 944 essentia
462 891 498 944 ut
513 899 552 943 ex
568 898 607 943 eo
622 879 677 943 fiat
691 898 873 957 scamnum,
883 889 938 944 aut
953 899 991 943 ex
1007 880 1146 942 essentia
1162 878 1242 941 lerri

154 992 190 1044 ut
211 984 243 1042 in
260 983 447 1042 machinam
464 980 705 1044 conformetur?
1028 965 1032 974 ’
1217 1037 1219 1040 .

194 1080 267 1146 tlt.
285 1080 325 1144 Ut
340 1097 408 1142 uuo
430 1089 485 1143 aut
500 1080 603 1143 altero
619 1087 692 1141 utar
709 1078 872 1160 exemplo,
896 1088 1005 1143 motus
1031 1099 1062 1143 v.
1078 1095 1127 1159 gr.
1144 1078 1242 1159 queis

153 1188 240 1243 terra
261 1196 298 1241 ac
321 1178 458 1259 planetae
481 1195 607 1254 omnes,
632 1179 698 1240 sive
722 1178 808 1240 circa
831 1196 926 1241 suum
950 1197 1055 1254 axem,
1073 1178 1140 1242 sive
1155 1181 1243 1241 circa

153 1278 258 1361 solem
271 1285 458 1353 moventur,
472 1285 583 1357 aperte
596 1277 821 1357 contingentes
830 1286 917 1339 sunt.
927 1275 1006 1339 Nam
1016 1277 1088 1340 data
1098 1277 1255 1338 materiae·

49 1423 52 1428 -
153 1378 305 1450 essentia,
336 1376 407 1461 imo
430 1377 504 1439 data
525 1394 660 1457 quoque
681 1377 819 1458 planetae
834 1376 1006 1457 cuiusque,
1022 1396 1052 1438 v.
1070 1393 1117 1456 gr.
1134 1384 1242 1448 terrae,

154 1476 267 1556 ligura,
292 1473 473 1550 volumine,
498 1473 671 1549 densitate,
695 1474 781 1536 nibil
808 1475 842 1537 in
869 1493 905 1535 ea
928 1474 1080 1556 estquod
1096 1474 1245 1553 requirat

155 1576 239 1638 banc
250 1572 1004 1646 autillammotusvelocitatem,bancantillam
1013 1572 1243 1646 directionem,

153 1673 311 1756 quodque
333 1669 449 1734 orbitae
470 1671 591 1746 locum,
616 1671 764 1751 planum,
787 1671 924 1752 figuram
939 1670 1146 1733 determinet.
1170 1670 1247 1733 llaec

152 1769 1244 1853 omniapoterantininlinitumvariari.ltaquoquemotusdiurnus

155 1879 282 1953 poterat
297 1868 441 1931 breviori
461 1876 608 1949 tempore
629 1869 679 1930 vel
701 1869 849 1949 longiore
864 1868 1000 1943 absolvi,
1018 1876 1049 1930 et
1063 1867 1246 1931 secundum

152 1969 340 2052 oppositam
357 1966 575 2029 directionem
591 1965 684 2029 ferri.

196 2067 390 2148 Exemplum
415 2066 554 2129 alterum
580 2065 862 2128 evidentissimum
879 2065 912 2126 in
934 2063 1129 2145 corporibus
1149 2082 1243 2146 orga-

155 2167 240 2230 nicis
254 2166 411 2245 reperies.
428 2164 551 2229 Ultima
565 2164 655 2227 enim
668 2181 783 2226 eorum
797 2164 957 2226 elementa
969 2172 1044 2226 sunt
1056 2164 1245 2228 substantiae

154 2264 325 2346 simplices
343 2262 542 2343 inorganicae
559 2280 597 2324 ex
614 2261 736 2343 quibus
751 2261 923 2324 mineralia
939 2280 1071 2342 quoque
1082 2271 1243 2328 constant.

198 2362 277 2435 Quis
291 2363 391 2444 igitur
403 2361 501 2436 dicat,
518 2362 621 2441 posita
636 2363 751 2424 barum
762 2362 1017 2424 substantiarum
1030 2363 1181 2438 essentia,
1197 2380 1245 2428 re·

99 2501 110 2510 ·‹
156 2480 303 2545 pugnare
319 2479 465 2542 prorsus,
493 2469 528 2522 ut
554 2479 592 2522 ex
619 2461 660 2522 iis
683 2461 873 2524 substantiae
888 2461 1052 2540 organicae
1066 2461 1115 2523 bae
1132 2471 1162 2523 ct
1177 2479 1244 2525 non

155 2561 229 2622 aliae
241 2578 308 2623 non
322 2568 575 2638 componantur,
590 2568 625 2621 ut
637 2578 675 2621 ex
688 2559 778 2622 bisce
790 2559 980 2622 substantiis
992 2577 1111 2639 organa
1121 2561 1244 2640 planta·

156 2682 230 2727 rum
240 2674 271 2725 ct
279 2662 494 2724 animantium
505 2669 570 2723 tam
584 2662 672 2722 varia
685 2673 715 2722 et
728 2661 766 2722 ad
782 2671 846 2723 tam
857 2661 962 2724 varios
975 2680 1052 2724 usus
1064 2665 1243 2743 spectantia

156 2780 223 2825 non
252 2767 471 2832 exstruantur,
500 2776 537 2820 ac
559 2758 691 2820 demum
720 2769 753 2821 ut
773 2777 811 2820 ex
829 2758 918 2819 bisce
933 2760 1064 2839 organis
1081 2761 1197 2841 plantae
1212 2772 1243 2825 et

155 2860 312 2922 animalia
337 2846 647 2936 non‘consurgant‘t
668 2858 743 2920 llaec
765 2857 792 2918 si
808 2859 881 2937 quis
897 2858 996 2932 dicat,
1013 2877 1087 2921 cum
1110 2878 1150 2923 eo
1165 2879 1243 2924 sane

154 2958 392 3039 disputandum
408 2975 472 3018 non
486 2965 580 3021 esset.

198 3057 285 3120 Nulli
299 3074 376 3136 ergo
389 3056 445 3135 qui
460 3056 578 3135 sapiat,
595 3053 694 3117 dubia
708 3072 778 3117 csse
790 3064 897 3135 potest
913 3055 1019 3136 legum
1034 3057 1242 3137 physicarum

154 3157 390 3236 contingentia.

583 3302 747 3364 surrectus
769 3302 808 3348 tv.

422 3416 462 3476 De
477 3416 576 3496 bgum
587 3417 788 3495 plysicorum
799 3417 983 3479 constantia.

197 3547 302 3612 *tta
331 3548 433 3610 Venio
457 3548 494 3610 ad
518 3549 724 3627 questionem
754 3548 888 3611 alteram
917 3549 1010 3627 (tlt).
1041 3548 1246 3614 Existimavit

155 3649 294 3711 Wolfius
313 3648 541 3735 conclusiones
565 3666 637 3728 quae
652 3647 846 3709 inductione
861 3647 1073 3728 colliguntur,
1091 3666 1157 3710 non
1174 3668 1244 3712 cer·

157 3756 205 3807 tas
222 3764 306 3823 esse,
324 3747 378 3808 sed
397 3747 501 3809 solum
519 3745 707 3827 probabiles
723 3747 772 3824 (r).
787 3743 880 3817 Quod
894 3746 921 3806 si
934 3764 1045 3808 verum
1059 3756 1152 3820 esset,
1167 3765 1245 3810 con-

156 3845 291 3907 cludere
321 3845 530 3923 deberemus,
556 3845 789 3909 certitudinem
828 3845 922 3908 nobis
953 3846 1078 3907 nullam
1106 3864 1177 3908 esse
1204 3848 1246 3909 de

187 3960 218 4016 (l)
235 3959 282 4018 loq
308 3957 464 4014 ellectu,
481 3971 531 4017 seq.
