2792 4600
174 387 218 449 32
630 404 802 450 duroman.

177 519 309 590 hebent,
327 519 354 578 si
382 518 510 580 infinita
527 518 583 580 Dei
600 519 703 580 virtus
718 527 892 598 spectetur.
910 519 944 606 Si
969 527 1075 581 autem
1089 521 1136 580 vis
1152 537 1264 583 causa·

105 612 107 617 ’
174 635 247 678 rum
264 608 459 693 creatarum,
474 617 624 698 quadam
639 618 723 679 nulli
737 634 840 680 causae
856 626 971 679 creatae
987 618 1159 697 possibilia
1174 630 1261 693 sunt,

174 714 325 794 quadam
343 733 420 778 vero
448 715 524 777 eliis
553 715 738 796 possibilia,
763 715 837 777 aliis
863 715 1093 796 impossibilia,
1112 724 1149 780 ut
1164 725 1262 797 patet.

171 813 251 887 Quae
271 813 312 875 ab
341 814 452 893 aliqua
465 833 561 877 cansa
577 823 683 877 creata
699 814 769 875 fieri
787 821 934 893 possunt,
958 815 1082 895 physice
1103 816 1264 896 possibilia
1297 834 1306 855 ²

171 910 346 989 dicuntnr;
364 930 437 991 quae
452 930 469 974 a
485 912 576 975 nulla
592 920 739 992 possunt,
754 902 879 992 physice
893 913 1095 993 impossibilia
1107 933 1117 970 .·
1127 913 1201 976 talis
1215 922 1264 976 est

173 1024 203 1071 v.
221 1028 269 1088 gr.
287 1011 408 1075 creatio
421 1027 459 1071 cx
471 1009 591 1074 nihilo.

194 1186 195 1189 Ἴ
215 1105 266 1169 64.
291 1108 398 1180 Quum
413 1107 520 1187 agitur
534 1107 575 1168 de
590 1106 789 1187 quibusdam
804 1105 990 1175 actionibus
1002 1106 1043 1168 ab
1058 1108 1192 1171 hornine
1206 1125 1264 1188 po·

171 1204 303 1285 nendis,
318 1205 514 1268 attendenda
529 1213 577 1267 est
592 1206 688 1267 etiam
705 1206 831 1267 morulis
853 1205 1041 1286 possibilitas
1057 1206 1106 1267 vel
1121 1207 1262 1285 impossi-

169 1302 286 1365 bilitas.
304 1302 469 1366 lloraliter
485 1301 654 1381 possibile,
670 1311 705 1364 ut
718 1303 786 1382 jam
803 1302 836 1364 in
854 1302 971 1382 Lugios
988 1303 1033 1378 (L.
1051 1301 1123 1377 407,
1141 1304 1174 1365 5⁰
1189 1303 1260 1382 655)

171 1400 357 1476 statuimus,
372 1410 420 1463 est
435 1401 468 1463 id
484 1401 572 1481 quod
589 1401 822 1465 communibus
839 1400 1013 1464 hominum
1029 1401 1179 1463 moribus
1195 1420 1262 1472 non

171 1507 347 1579 repugnem
366 1497 573 1580 impossibile
585 1498 674 1578 quod
689 1507 860 1578 repugnat,
883 1499 986 1563 Radix
1002 1508 1110 1560 autem
1127 1500 1262 1562 moralis

171 1597 267 1676 liujus
293 1596 523 1678 possibilitatis
538 1597 589 1660 vel
605 1596 881 1677 impossibilitatis
895 1597 958 1659 hoc
974 1596 1139 1677 principio
1156 1600 1262 1660 conti-

169 1705 285 1759 netur:
304 1696 394 1776 quod
409 1714 512 1777 quum
540 1695 580 1757 ad
596 1695 723 1776 aliquid
739 1696 901 1776 agendum
918 1695 1104 1767 difficultas,
1124 1713 1261 1775 praeser·

170 1797 231 1858 tim
248 1796 569 1877 magna,superanda
584 1796 950 1877 est,homoquanquam
967 1795 1101 1876 physica
1116 1799 1262 1876 potentia

169 1913 267 1975 agere
290 1896 406 1976 possit,
430 1913 525 1975 agere
548 1905 656 1959 tamen
679 1913 744 1959 non
769 1896 861 1970 solet,
887 1894 953 1958 nisi
978 1895 1103 1959 bonum
1126 1896 1261 1976 aliquod

168 1993 409 2074 apprehendat,
428 1993 516 2075 quod
540 1993 650 2073 ipsum
672 1993 859 2057 exstimulat
873 1993 913 2054 ad
929 1993 1104 2073 agendum,
1121 2004 1152 2054 et
1175 1993 1261 2055 diffi-

167 2093 302 2155 cultatis
318 2092 448 2173 pondus
465 2091 664 2154 sufficienter
678 2094 993 2173 compenset.Quum
1007 2092 1104 2172 igitur
1122 2092 1261 2157 difficul-

168 2199 219 2252 tas
235 2197 284 2253 est
300 2190 402 2264 nulla,
422 2190 489 2252 imo
503 2189 601 2251 etiam
620 2207 724 2269 quum
749 2207 787 2252 ea
803 2190 881 2251 levis
897 2198 956 2264 est,
974 2190 1023 2251 vel
1039 2190 1187 2253 absolue
1211 2191 1260 2253 vel

169 2287 285 2352 saltem
300 2287 444 2363 relative,
454 2296 550 2369 atque
563 2288 700 2369 insuper
714 2287 840 2351 bonum
852 2289 893 2350 ab
901 2287 1028 2353 actione
1043 2307 1260 2370 consequens,

168 2396 331 2469 quantum
346 2389 424 2450 satis
440 2396 488 2449 cst
504 2395 541 2449 ut
555 2386 718 2452 sufficiens
739 2388 1008 2469 apprehenditur,
1022 2396 1101 2451 tunc
1115 2389 1200 2451 actio
1215 2398 1263 2451 est
1303 2406 1315 2426 ²

165 2487 342 2551 imeraliter
375 2486 563 2567 possibilis;
581 2487 658 2567 quia
683 2488 752 2549 dici
768 2488 883 2568 nequit
906 2489 939 2550 in
960 2479 1051 2550 mo're
1067 2505 1137 2550 esse
1154 2487 1262 2551 homi·

170 2605 264 2661 num,
290 2587 381 2649 utin
406 2586 526 2649 talibus
553 2586 716 2665 adjunctis
745 2586 968 2650 difficultatem
999 2604 1063 2650 non
1093 2596 1260 2667 superent.

169 2688 278 2761 Quum
304 2696 411 2749 antem
435 2685 609 2748 difficultas
630 2695 677 2748 est
697 2686 834 2748 omnino
859 2703 986 2765 magna,
1010 2685 1132 2748 bonum
1153 2693 1261 2749 autem

168 2783 221 2845 vel
237 2785 390 2863 exiguum
407 2792 454 2845 est
467 2783 514 2845 vel
535 2800 649 2863 parum
675 2783 946 2863 apprehenditur,
963 2782 1048 2845 aetio
1065 2793 1111 2844 est
1127 2783 1260 2867 morali-

168 2892 220 2945 ter
235 2882 453 2963 impossibilis
467 2901 476 2961 ;
494 2890 572 2945 tune
585 2882 671 2945 enim
686 2883 906 2945 communiter
923 2881 1074 2944 homines
1087 2897 1182 2960 agere
1195 2898 1260 2944 nun

168 2984 289 3045 solent.

213 3079 266 3143 aa.
292 3081 394 3142 Porro
411 3079 437 3141 si
454 3097 593 3158 quares,
611 3087 721 3142 utrum
739 3077 842 3158 possit
857 3077 892 3137 in
909 3076 1018 3157 specie
1033 3071 1258 3151 determinari,

169 3197 322 3260 quaenam
338 3178 405 3241 sint
417 3171 580 3241 censenda
595 3178 762 3241 moraliter
774 3175 947 3255 possibilia
963 3175 1012 3236 vel
1029 3174 1258 3255 impossibilia,

170 3279 358 3359 respondeo
375 3297 445 3340 esse
460 3278 622 3357 quaedam,
637 3278 671 3337 in
688 3275 811 3356 quihus
827 3273 1041 3355 exsequendis
1062 3274 1262 3337 communiter

172 3378 306 3442 moralis
323 3377 525 3459 possibilitas
549 3376 600 3438 vel
616 3373 866 3456 impossibilitas
884 3373 1038 3449 hebetum
1055 3374 1110 3436 sed
1129 3390 1193 3435 non
1217 3372 1260 3433 ita

171 3489 209 3541 ut
222 3478 432 3558 exceptiones
445 3476 584 3539 omnino
601 3471 1135 3556 desint,autdeessepossint.Nam
1152 3470 1261 3550 primo

169 3577 373 3640 difficultatis
389 3576 537 3655 gravitas,
557 3592 672 3653 magna
685 3593 724 3635 ex
740 3580 842 3652 parte,
852 3571 969 3633 crescit
983 3569 1032 3632 vel
1048 3571 1211 3632 minuitur
1223 3589 1261 3632 ex

170 3672 464 3759 propensionibns,
482 3671 768 3753 dispositionibus,
787 3670 1110 3751 apprehensionibns
1126 3677 1260 3731 etoaete·

170 3776 218 3840 ris
230 3774 393 3852 adjunctis
409 3772 546 3852 subjecti
563 3789 570 3835 :
590 3780 695 3852 polest
711 3770 811 3850 igitur
826 3769 910 3844 lieri,
926 3776 960 3830 ut
972 3768 1145 3830 difficultas
1160 3765 1261 3827 alicui

170 3874 290 3955 gravis,
308 3872 402 3934 alteri
432 3872 511 3934 levis
537 3871 590 3945 sit,
608 3879 639 3933 et
654 3890 672 3932 e
688 3887 857 3934 converso.
875 3867 1000 3931 Deinde
1015 3867 1139 3929 honum
1162 3864 1260 3927 alicui

169 3972 224 4035 vel
246 3973 343 4034 etiam
365 3970 586 4033 communiter
607 3969 785 4042 sufficiens,
803 3965 902 4029 alicui
920 3974 1110 4047 potestesse
1136 3960 1262 4023 insuffi-

166 4072 263 4136 ciens
286 4070 333 4131 vel
350 4068 565 4150 esscontrari03
588 4087 626 4130 ae
652 4069 787 4131 demum
810 4065 986 4128 difficultas
1011 4064 1109 4126 etiam
1132 4076 1261 4140 magna,
