2792 4600
365 509 626 610 LIBER
697 506 1127 608 TERTIUS.

650 706 779 772 clem
802 706 828 772 l.
913 781 921 792 ⁸

659 854 695 897 DE
710 853 814 896 SPA’UO.

638 1011 803 1058 Anniculus
825 1014 847 1057 l.

560 1124 746 1204 Qooestionis
760 1127 920 1208 expositio.

239 1260 312 1325 528.
337 1258 538 1335 Quaestiones
552 1258 762 1339 aggredimur
772 1259 850 1322 salis
866 1259 1033 1334 obscuras,
1051 1266 1082 1321 et
1093 1275 1160 1339 non
1173 1258 1293 1338 paucis

199 1358 448 1424 difficultatibus
467 1375 616 1437 asperas3
643 1377 717 1439 quae
732 1357 939 1421 difficultates
955 1374 1021 1419 non
1039 1357 1139 1421 modo
1154 1375 1173 1419 u
1187 1357 1292 1420 soriis
1386 1355 1387 1360 ’

198 1457 477 1539 pbilosophorum
492 1455 722 1536 opinionibus,
739 1455 795 1517 sed
807 1475 825 1518 a
839 1456 1009 1535 phantasia
1022 1454 1164 1517 maxime
1238 1461 1292 1516 tra
1386 1447 1387 1522 ξ

101 1623 103 1632 ,
198 1563 412 1636 consurgunt,
435 1572 602 1635 quaecum
625 1554 658 1615 in
680 1554 832 1634 pluribus
853 1554 926 1617 aliis
949 1571 1068 1636 magno
1084 1552 1212 1617 nobisa
1235 1552 1291 1631 ju·

198 1664 310 1718 mento
325 1664 384 1730 est,
403 1655 464 1717 hac
478 1654 514 1716 in
529 1672 565 1716 re
581 1663 724 1717 ruentem
738 1654 831 1716 valde
847 1653 1006 1734 implicat,
1023 1662 1056 1715 et
1071 1652 1105 1715 in
1121 1651 1214 1715 devia
1228 1650 1288 1713 ab·
1386 1651 1387 1656 ’

199 1754 301 1818 ducit.
319 1756 527 1834 Exponamus
543 1754 652 1835 primo
667 1762 847 1835 conceptus
862 1763 1006 1817 nostros.

238 1852 312 1915 529.
336 1851 369 1913 Si
393 1853 613 1931 nosmetipsos
633 1852 853 1927 consulamus,
876 1851 957 1933 qnid
979 1850 1075 1915 nobis
1096 1850 1292 1915 obversetur

198 1952 322 2025 animo,
338 1969 439 2031 quum
453 1951 493 2014 de
507 1953 620 2032 spolio,
634 1953 710 2028 loco,
727 1952 889 2025 distentio,
902 1969 999 2014 ooooo
1011 1950 1202 2032 cogitamus,
1217 1950 1291 2012 hec

135 2112 140 2120 ,
198 2048 346 2130 prolecto
358 2048 667 2129 deprehendemus:

241 2145 274 2207 κ’
295 2145 445 2227 Spatium
471 2147 568 2209 nohis
588 2149 816 2228 representari
843 2155 997 2229 tanquam
1021 2148 1223 2210 extensionem
1252 2145 1291 2207 iu

200 2243 348 2325 longum,
364 2244 465 2310 latum
477 2252 509 2309 et
521 2245 734 2327 profundum,
752 2264 994 2328 quaquaversus
1007 2246 1158 2309 diffusam
1169 2262 1178 2322 ;
1191 2245 1287 2309 abso·

200 2341 269 2406 lute
282 2363 425 2422 coenem,
443 2345 477 2407 in
493 2347 685 2426 quaomnia
701 2347 862 2422 locantur,
879 2347 990 2410 omnia
1006 2346 1151 2410 insident
1165 2363 1202 2409 ac
1217 2363 1292 2410 mo-

197 2450 315 2504 ventur
337 2460 475 2523 corpora
497 2462 704 2525 quaecunque
730 2454 818 2522 sunt,
844 2454 1000 2527 totusque
1020 2447 1103 2525 jacet
1125 2444 1288 2523 mundus;

197 2558 272 2621 quae
302 2548 479 2622 conpotum
509 2544 659 2605 omnium
687 2544 859 2607 antecessit
894 2544 1111 2620 existentiam,
1149 2562 1292 2625 quaeque
1387 2612 1388 2625 ,

196 2638 377 2701 substitura
395 2640 488 2715 loret,
505 2641 633 2704 etiamsi
650 2643 763 2706 omnia
775 2660 915 2724 corpora
927 2645 962 2706 in
975 2644 1119 2707 nihilum
1131 2643 1288 2708 abirent:

198 2737 421 2801 extensionem
450 2740 534 2803 hanc
556 2758 622 2804 uon
647 2742 762 2804 mundi
783 2741 949 2804 'limitibus
965 2742 1109 2818 deliniri,
1127 2742 1183 2804 sed
1199 2743 1289 2805 ultra
1387 2724 1388 2809 Ῠ

199 2853 415 2917 quoscunque
438 2837 560 2901 limites
576 2840 610 2901 in
626 2842 819 2916 immensum,
838 2859 875 2903 ac
891 2841 963 2905 sine
976 2842 1043 2904 fine
1060 2840 1222 2921 protendi,
1241 2842 1288 2904 ila
1384 2912 1388 2931 ἧ

196 2943 231 2998 ut
244 2934 371 2999 infinita
385 2937 487 3016 possit
498 2938 532 3000 in
545 2957 580 3001 se
593 2956 732 3019 corpora
744 2942 891 3021 recipere
907 2957 914 3004 :
929 2940 1077 3004 eamdem
1089 2941 1286 3017 immobilem,

196 3038 372 3115 peometrice
396 3038 589 3112 coctionum,
618 3059 728 3116 onom,
757 3040 855 3121 plane
877 3042 1108 3117 indivisibilem,
1139 3059 1288 3122 quaquu-

196 3150 309 3195 versus
321 3136 544 3213 permeabilem,
561 3138 730 3201 iocreotom
743 3140 888 3214 demum,
902 3148 1057 3214 eternam,
1070 3142 1285 3213 necessarium,

194 3232 466 3297 indestructibilem
486 3253 568 3297 esse.
591 3237 702 3299 Talem
727 3239 821 3318 spatii
840 3238 1161 3319 repraesentationem
1178 3248 1288 3301 mente

195 3330 365 3410 gerimus:
383 3341 480 3412 atque
499 3332 561 3396 hoc
583 3343 631 3396 est
649 3335 791 3414 spatium
814 3337 903 3418 quod
926 3337 1099 3400 absolutum
1118 3355 1156 3400 ac
1167 3356 1288 3420 porum

197 3427 350 3491 dicimus.

237 3526 364 3592 Exinde
385 3525 418 3587 ΞΟ
443 3512 612 3590 locinotio
636 3530 822 3595 derivatur:
847 3532 958 3595 locum
973 3533 1062 3595 enim
1082 3534 1288 3613 appellamus

157 3669 160 3674 -
177 3643 267 3689 -eam
283 3625 378 3705 spatii
397 3626 494 3706 huius
508 3636 644 3707 partem,
662 3647 761 3709 quam
777 3633 897 3711 corpus
913 3641 1062 3713 occupat.

236 3724 270 3786 5⁰
292 3725 482 3788 Distentiom
493 3744 645 3791 vocamus
661 3738 785 3810 partem
800 3730 898 3813 hujus
910 3732 1019 3812 spatii,
1034 3750 1106 3813 quae
1119 3732 1289 3795 interduo

192 3842 334 3906 corpora
351 3827 533 3907 interjacet.

234 3924 269 3986 4·
296 3924 432 3988 Vectium
451 3945 522 4014 eam
546 3939 670 4008 partem
687 3930 721 3992 iu
737 3948 802 4011 qua
817 3931 948 3995 nullum
964 3932 1086 3998 insidet
1100 3951 1237 4014 corpus,
1251 3942 1291 3998 ut

195 4030 245 4084 est
259 4022 427 4088 infinitum
443 4026 586 4107 spatium
602 4029 910 4093 extramundanum.
