2792 4600
481 387 567 431 sinna
590 386 710 443 aarum,
735 385 825 431 aanor
848 387 869 431 t.
1163 369 1224 434 203

135 502 393 585 appellationem
408 500 448 564 ad
465 503 541 573 vim,
560 502 593 563 in
611 521 675 583 qua
687 502 866 565 monadum
880 511 1027 567 naturam
1041 506 1226 590 constituit,

136 601 388 683 significandam
402 601 568 665 transtulit
589 603 637 680 (1).
662 652 664 654 .
1218 653 1220 656 .

180 699 324 781 Quisque
345 699 467 761 videt
459 717 493 761 ru
515 699 567 761 bis
591 698 852 779 opinationibus,
876 708 994 780 praeter
1019 705 1162 766 materiae
1187 704 1225 768 as

137 799 252 863 lormae
268 798 479 874 vocabula,
450 818 503 860 vni
518 799 620 873 aliud,
634 817 670 861 ac
683 817 724 861 ne
735 799 786 861 vix
798 798 944 879 quidem,
959 800 1000 862 (le
1013 802 1224 883 peripatetico

136 904 310 980 systemate
325 917 508 980 superesse.

570 1045 735 1093 narremus
758 1048 795 1091 ll.

379 1159 520 1242 Systsmu
546 1161 760 1221 elementorum
788 1157 985 1241 simplicium.

183 1279 232 1341 ts.
257 1277 403 1357 Systema
429 1276 667 1339 elementorum
692 1274 896 1356 simplicium
913 1293 1089 1356 corporum
1105 1278 1228 1340 consti·

138 1376 301 1439 tutionem
318 1394 376 1457 per
390 1374 588 1438 substantias
604 1374 694 1438 omni
719 1375 908 1437 extensione
923 1385 1081 1451 carentes,
1098 1395 1226 1441 earumr

138 1493 206 1556 que
229 1474 313 1537 vires
336 1474 487 1555 explicat.
510 1473 612 1553 Hujus
634 1474 797 1553 originem
824 1473 864 1534 ad
885 1475 1100 1554 Pythagoram
1124 1495 1228 1557 usque

139 1564 297 1650 referunt',
321 1574 458 1656 ejusque
473 1574 514 1662 de
529 1575 676 1636 numeris
699 1573 883 1651 doctrinas;
898 1574 971 1653 jure
993 1591 1034 1636 ne
1049 1593 1089 1636 an
1106 1576 1227 1655 injuria

139 1693 205 1736 nim
220 1674 364 1755 disputo.
377 1674 529 1755 Aliquam
542 1691 673 1753 quoque
686 1672 870 1752 analogiam
888 1672 985 1734 habet
997 1691 1071 1735 curn
1084 1672 1227 1739 Zenonis

139 1772 289 1836 doctrina
301 1772 347 1834 de
359 1772 508 1835 continui
525 1771 765 1851 compositione
780 1789 818 1832 ex
840 1771 982 1850 punctis.
1000 1773 1141 1835 atcerte
1156 1773 1226 1854 ejus

138 1870 312 1933 celebritas
340 1869 427 1950 apud
456 1871 655 1931 recentiores
685 1868 824 1930 debetur
857 1868 1002 1948 primum
1031 1870 1226 1934 Lcibnitzio.

141 1970 239 2048 Cujus
253 1970 321 2031 baec
336 1978 411 2030 sunt
423 1968 551 2048 placita.

97 2119 101 2124 .
182 2066 233 2130 11.
257 2068 401 2147 Corpora
422 2066 577 2146 componi
600 2084 617 2128 e
637 2064 829 2127 substantiis
849 2063 1068 2145 simplicibus,
1090 2083 1170 2145 quas
1186 2016 1227 2128 ad

140 2167 329 2246 Pythagorae
349 2166 537 2246 exemplum
558 2164 759 2227 beibnitzins
780 2164 924 2226 monades
947 2173 1045 2245 atque
1063 2183 1138 2227 enm
1153 2167 1226 2228 Ari

133 2267 254 2331 stotele
264 2267 440 2329 emebertus
455 2275 557 2340 uocat,
574 2282 641 2346 quo
658 2264 793 2328 nomine
807 2264 998 2328 Aristoteles
1014 2262 1135 2328 termas
1146 2266 1224 2330 sub·

138 2367 307 2429 stantiales
334 2366 560 2447 appellaverat,
588 2365 645 2426 sed
668 2365 797 2427 diverso
822 2382 932 2427 sensu.
961 2366 1113 2428 Formam
1139 2367 1229 2428 enim

139 2464 315 2544 appellavit
330 2464 520 2528 Aristoteles
531 2467 702 2539 inanimi,
718 2463 796 2542 quia
812 2463 846 2524 in
859 2481 895 2525 ea
911 2471 958 2525 est
973 2473 1062 2526 aetus
1078 2475 1110 2525 et
1122 2465 1229 2544 peris.-

139 2564 206 2624 ctio
223 2563 383 2637 materiam
400 2560 600 2624 Lcibnitzius
615 2577 692 2622 vero
712 2559 827 2622 eodem
850 2559 985 2622 nomine
1000 2563 1157 2635 monades
1171 2579 1229 2642 ap·

141 2661 252 2742 pellat,
273 2661 352 2740 quia
377 2659 410 2721 in
435 2678 469 2722 se
495 2659 730 2739 perlectionem
758 2659 932 2738 quamdam
956 2659 1087 2723 babem.
1110 2660 1230 2724 Statuit

140 2761 288 2840 insuper,
305 2759 460 2822 monades
483 2759 559 2820 istas
576 2776 635 2820 nes
657 2768 805 2820 extensas
827 2775 898 2819 esse
912 2775 973 2819 nee
988 2758 1151 2839 figuratas,
1169 2779 1230 2825 nec

138 2861 281 2939 spatium
304 2876 465 2944 occupare
481 2858 546 2921 nisi
562 2868 740 2938 punctum;
762 2874 876 2935 ornnes
891 2875 961 2919 esse
978 2857 1064 2920 inter
1079 2877 1114 2921 se
1130 2859 1227 2922 dissi·

140 2958 254 3035 miles;
272 2966 303 3019 et
318 2959 352 3019 in
369 2957 515 3038 qualibet
529 2974 705 3036 corporum
723 2955 882 3037 particula
909 2973 1048 3019 numero
1065 2957 1227 3037 infinitas;

137 3067 237 3138 atque
253 3059 297 3120 ita
310 3075 344 3129 se
359 3056 559 3136 contingere,
575 3065 610 3118 ut
623 3055 751 3137 nullum
769 3057 856 3117 inter
872 3055 959 3144 ipsas
975 3066 1117 3118 vacuum·
1128 3057 1229 3142 inter·

138 3158 202 3220 sit:
220 3156 260 3217 ad
278 3159 346 3218 baec
361 3156 505 3236 singulas
528 3156 668 3220 obscura
691 3156 833 3236 quadarn
851 3154 1062 3237 perceptione
1078 3157 1230 3236 praeditas

139 3273 221 3328 esse,
238 3272 304 3335 qua
319 3254 506 3317 uuiversum
529 3254 592 3316 sibi
620 3263 866 3335 repraesentant,
892 3263 923 3315 et
938 3255 1140 3316 conscientia
1155 3260 1228 3336 qui,-

139 3355 215 3416 dem
239 3371 360 3428 carere,
380 3361 569 3417 nontamen
586 3354 753 3434 appetitu;
770 3354 968 3416 mutationes
984 3370 1099 3417 omnes
1115 3373 1228 3419 monas

139 3455 220 3515 dum
235 3454 276 3515 ab
298 3454 477 3516 intrinseco
493 3462 618 3516 tantum
635 3454 833 3533 procedere;
858 3452 997 3533 proinde
1013 3455 1140 3519 nullam
1157 3476 1228 3520 esse

166 3640 199 3694 (tl
219 3657 228 3677 1
247 3638 351 3685 lttattur
362 3640 423 3685 donc
433 3637 546 3695 rappele'r
564 3646 587 3683 st
600 3650 693 3684 comme
708 3638 850 3684 rebabiliter
862 3638 995 3696 lessormes
1010 3638 1200 3702 substantietles,
1209 3639 1229 3685 si

94 3766 96 3769 Ι
153 3730 165 3754 a
184 3711 291 3759 (lecticas
309 3711 480 3772 aujourd’hui;
493 3713 551 3758 niais
564 3711 636 3758 d’uns
650 3711 758 3757 manicis
777 3715 818 3770 qni
836 3713 869 3758 les
881 3713 961 3758 rendit
972 3713 1137 3770 intelligibles‚
1147 3721 1171 3758 et
1188 3688 1290 3787 quio

151 3803 164 3828 1
181 3786 280 3844 separat
291 3786 383 3844 l‘nsagc
404 3787 476 3846 qu'on
488 3801 518 3833 sn
530 3788 580 3833 dott
598 3785 696 3832 lairere
715 3786 792 3832 l’abus
803 3786 875 3845 qu'on
884 3799 915 3832 en
926 3799 940 3832 a
958 3788 1009 3831 lait.
1025 3788 1053 3834 le
1064 3788 1157 3833 trourai
1167 3789 1231 3835 dono

147 3874 167 3907 rs
181 3872 229 3918 qus
238 3860 292 3906 leur
302 3867 390 3907 nature
399 3863 501 3907 consiste
510 3862 572 3908 dans
590 3860 697 3918 lusores,
714 3868 740 3905 et
757 3873 804 3919 que
815 3862 845 3906 ds
860 3860 911 3906 cela
923 3861 1027 3906 s'ensoit
1035 3862 1141 3920 quelque
1157 3862 1231 3909 chose

156 3951 167 3972 1
183 3933 353 3996 d'analogique
361 3947 394 3991 an
413 3934 599 3980 sentimeuteta
618 3932 741 3992 t'appetit.
759 3942 783 3979 et
793 3933 895 3991 qu'aiusi
907 3934 923 3978 it
936 3933 1014 3979 t'altair
1025 3935 1059 3979 tes
1077 3937 1231 3989 soticesoirrl

156 4026 167 4047 1
184 4006 318 4054 l’imitution
329 4009 359 4054 de
376 4008 399 4054 la
416 4010 497 4054 notion
516 4021 564 4066 quc
576 4021 636 4053 ricus
655 4020 730 4052 aroris
741 4008 783 4052 des
800 4010 874 4052 omes.
892 4024 903 4048 n
920 4008 1026 4065 systema
1042 4011 1190 4056 nouvscuits
1206 4009 1233 4055 la

139 4082 237 4129 Nature.
255 4081 308 4129 (lut.
325 4081 398 4129 Gulll.
416 4079 541 4129 Lcibnitzii
551 4080 631 4139 Opera
643 4080 698 4126 coll.
715 4095 728 4125 a
747 4081 849 4135 bursus,
864 4080 891 4126 T.
907 4079 939 4126 ll.
952 4094 974 4137 p.
992 4079 1028 4127 50.

1043 4176 1068 4215 9.
