2792 4600
190 281 254 347 292
642 296 831 343 cosnocoou.

232 416 271 480 Et
286 414 442 496 quoniam
457 414 525 475 vim
541 414 625 475 hanc
641 427 700 493 per
716 412 889 493 proprium
905 413 974 492 eius
987 413 1134 475 ellectum
1151 411 1278 476 solum-

193 514 292 576 modo
308 513 547 592 cognoscimus,
563 511 687 574 idcirco
701 510 822 573 camah
835 510 1282 574 hoceliecludenominamus

190 629 228 675 ac
243 611 432 676 delinimus.
448 609 585 673 Deliniri
602 617 711 672 autem
728 617 833 690 potest
847 610 918 672 haec
941 609 989 671 vis
1005 617 1036 672 et
1052 611 1086 671 in
1103 609 1220 673 ordine
1235 610 1277 672 ad

190 728 310 791 corpus
323 709 357 772 in
370 728 437 790 quo
449 717 509 783 est,
522 716 554 770 el
567 708 601 769 in
613 706 779 770 ordinead
793 707 914 770 locum.
929 706 962 770 ln
971 707 1090 770 ordine
1102 707 1142 770 ad
1154 726 1278 789 corpus

189 809 367 873 delinitur:
397 808 444 872 cis
472 826 535 888 qua
576 825 686 887 corpus
713 806 851 887 impedit,
878 824 916 868 oc
940 808 1076 887 propriu
1106 807 1280 869 retentioni

188 908 278 971 uliud
304 910 503 989 quodcunque
530 924 639 987 corpus
667 923 756 968 suom
781 906 985 967 ostensionem
1010 906 1209 970 commisceat.
1238 906 1278 968 ln

189 1007 307 1071 ordine
330 1008 370 1069 ad
400 1008 534 1070 locum:
561 1007 608 1068 cis
631 1024 693 1086 qua
718 1023 830 1084 corpus
854 1005 991 1084 impedit,
1021 1023 1060 1066 oe
1084 1005 1166 1066 maus
1188 1024 1278 1086 prtem

188 1114 328 1186 occupat,
344 1105 382 1167 ab
396 1106 459 1167 olio
474 1121 596 1184 corpote
625 1112 799 1183 occupetur,
818 1121 847 1164 te
859 1103 948 1182 prius
961 1120 1027 1164 ooo
1040 1104 1178 1184 expulso.

231 1204 302 1267 187.
312 1202 595 1276 Quemadmodum
609 1210 717 1264 autem
733 1201 880 1265 extensio
892 1202 1040 1282 corporis
1053 1202 1087 1263 in
1103 1202 1222 1265 ordine
1234 1202 1277 1264 ad

188 1302 300 1366 locum
325 1303 538 1383 consequitur
566 1300 793 1364 extensionem
814 1300 848 1362 in
875 1300 993 1364 ordine
1019 1301 1060 1362 ad
1091 1320 1136 1375 se,
1164 1300 1208 1365 ita
1227 1301 1278 1363 vis

187 1402 362 1465 resistendi
374 1403 477 1465 altero
490 1401 588 1464 modo
597 1400 803 1463 considerata
810 1417 833 1488 a
841 1399 946 1480 prima
959 1400 1116 1463 dimanat.
1130 1401 1277 1480 Utraque

188 1517 290 1581 porro
318 1499 634 1581 impenetrabilltutem
663 1497 840 1578 producit;
870 1507 977 1560 tamen
1008 1506 1039 1560 et
1069 1506 1212 1561 veterum
1245 1506 1278 1558 et

187 1600 409 1663 recentiorum
426 1617 486 1660 usu
503 1605 671 1678 receptum
687 1604 745 1672 est,
757 1605 792 1660 ut
809 1597 1127 1677 impenetrabilitatis
1139 1596 1279 1660 nomine

186 1699 295 1763 veniat
307 1700 493 1763 effectussis
506 1699 679 1762 resistendi
694 1698 909 1763 consideratae
922 1699 956 1761 in
969 1700 1085 1763 ordine
1097 1699 1137 1762 ad
1149 1700 1277 1774 locum;

188 1799 267 1880 quia
276 1800 331 1861 hic
340 1800 446 1880 primo
455 1798 654 1880 concipitur,
664 1806 694 1861 el
703 1797 908 1878 praetcreaah
917 1797 1227 1880 impenetrabilitate
1240 1797 1277 1859 in

188 1896 306 1960 ordine
318 1896 357 1958 ad
371 1897 479 1978 ipsum
493 1912 612 1977 corpus
625 1912 794 1976 nunquam
807 1894 1000 1978 sejungitur,
1015 1896 1127 1959 saltem
1144 1904 1278 1960 natura·

187 1995 306 2075 liter„

229 2090 300 2155 188.
316 2093 653 2158 Animadvertendum
669 2101 718 2155 est
732 2091 965 2168 nihilominus,
983 2092 1276 2175 impenetrabilite-

185 2200 253 2254 tem
269 2191 302 2252 in
333 2190 506 2254 ordinead
533 2210 567 2253 se
589 2190 693 2254 solius
709 2178 859 2271 corporis
888 2210 957 2254 esse
986 2193 1167 2273 propriam,
1195 2191 1278 2273 quia

187 2289 296 2354 solum
307 2309 427 2372 corpus
436 2288 606 2353 formalem
619 2288 843 2353 extensionem
855 2289 951 2352 habet
960 2308 969 2368 ;
978 2289 1275 2371 impenetrabilite-

185 2398 252 2454 tem
268 2408 345 2453 vero
370 2390 537 2452 inordina
563 2389 602 2451 ad
621 2389 731 2453 locum
748 2408 805 2471 per
819 2407 853 2451 sc
869 2388 1017 2470 quidem,
1034 2390 1120 2453 etad
1137 2390 1277 2459 modum

185 2488 344 2551 naturalis
367 2488 589 2570 proprietatis,
616 2488 793 2552 convenire
810 2487 1030 2568 corporibus3
1048 2507 1143 2570 posse
1162 2497 1275 2552 tamen

185 2587 282 2652 etiam
299 2588 472 2669 spiritibus
490 2586 678 2663 convenire,
697 2604 763 2651 non
794 2597 954 2668 quatenus
969 2588 1033 2668 ipsi
1064 2589 1130 2650 sint
1157 2596 1278 2652 natura

184 2686 461 2767 impenetrabiles,
480 2694 617 2764 possunt
634 2686 723 2748 enim
746 2686 882 2765 spiritus
904 2695 1074 2767 penetrare
1089 2686 1212 2763 omnia,
1236 2705 1277 2751 ac

184 2783 325 2865 proinde
337 2785 498 2866 penetrari
516 2786 594 2861 ;sed
609 2794 769 2866 quatenus
779 2785 917 2865 possint,
931 2784 958 2846 si
970 2785 1082 2860 velint,
1095 2783 1275 2866 impedire,

183 2899 226 2945 ne
241 2899 361 2963 corpus
379 2882 513 2963 aliquod
544 2883 653 2946 locum
671 2882 785 2945 subeat
800 2900 897 2962 quem
915 2881 977 2962 ipsi
1004 2890 1177 2964 occupant.
1198 2884 1278 2949 liaec

184 2980 325 3063 proinde
339 2981 516 3062 spirituum
534 2979 831 3062 impenetrabilitas
847 2998 913 3044 non
936 2988 985 3044 est
998 2981 1180 3045 necessaria
1195 3000 1277 3063 pro·

183 3079 316 3160 prietas,
333 3080 390 3142 sed
405 3081 599 3159 contingens
614 3087 645 3142 et
658 3078 775 3143 libera.

223 3179 348 3242 Virtute
364 3188 519 3259 praeterea
531 3179 640 3241 divina
657 3178 728 3241 lieri
744 3186 851 3259 potest
866 3193 902 3241 ut
912 3178 1087 3242 resistendi
1097 3178 1158 3255 vis,
1172 3197 1277 3261 quam

181 3293 321 3358 corpora
336 3285 488 3340 exercent
510 3278 546 3339 iu
563 3275 681 3339 ordine
697 3276 736 3337 ad
754 3277 876 3351 locum,
895 3276 1007 3357 aliquo
1023 3278 1057 3339 in
1073 3276 1146 3340 loco
1161 3294 1275 3342 exera·

180 3382 246 3451 tur,
263 3376 344 3455 quin
357 3378 405 3438 vel
417 3376 529 3438 ullum
545 3393 678 3457 corpus,
695 3375 746 3438 uel
762 3374 853 3438 aliud
870 3393 968 3456 agens
983 3374 1204 3456 quodcunque
1217 3392 1276 3439 re·

180 3473 282 3538 sistat.

223 3570 295 3636 189.
313 3573 387 3635 llaec
402 3591 474 3654 quae
490 3571 675 3646 subdimus,
693 3571 788 3635 lacile
804 3571 979 3651 intelliges.

224 3673 256 3733 1ο
278 3670 576 3736 Penetrabilitatem
592 3689 662 3734 esse
678 3670 854 3751 quemdam
871 3669 1008 3733 modum
1022 3687 1056 3732 se
1072 3669 1214 3733 habendi
1232 3670 1270 3733 in

181 3768 269 3846 loco,
286 3786 352 3850 quo
368 3770 402 3831 lit
418 3779 454 3832 ut
468 3768 649 3832 substantia
661 3767 840 3849 permittat,
854 3767 964 3831 locum
977 3783 1075 3848 quem
1088 3767 1159 3848 ipsa
1169 3785 1270 3832 occu·

182 3876 250 3949 pat,
267 3867 309 3929 ab
323 3867 385 3929 alia
401 3866 500 3930 simul
516 3865 695 3929 substantia
717 3864 884 3946 occupari.

224 3965 258 4029 2⁰
275 3965 634 4046 impenetrabilitetem,
652 3972 688 4028 ut
709 3963 750 4027 de
765 3964 953 4029 extensione
968 3963 1064 4028 locali
1081 3963 1202 4029 dictum
1219 3973 1271 4029 cst

1371 4022 1372 4061 l

1370 4076 1372 4113 l
