2792 4600
604 270 774 315 annotetis.

367 568 368 571 ,
451 533 486 579 DE
501 532 665 577 insultanda
680 533 715 574 ET
733 530 933 575 nlsnlncnlonlt.

589 676 754 721 intractus
776 676 798 721 1.

386 809 390 816 ·
501 777 545 838 De
559 778 730 839 identitatis
749 777 883 863 notione.
1173 816 1208 855 ,-

191 888 265 954 ato.
283 890 441 955 Identilas
463 903 511 956 est
533 896 638 957 unitas
658 895 765 975 aliqua
783 894 924 974 plurium
943 893 979 953 in
997 890 1141 962 entitate;
1162 886 1236 966 plu-

148 987 237 1049 rium
254 989 480 1056 videlicetsive
489 1012 523 1056 rc
532 994 598 1054 sive
607 983 1237 1055 rationedistinctorum.Differtidenti-

148 1093 198 1148 tas
215 1087 254 1148 ab
269 1091 392 1152 unitate
407 1092 441 1153 in
456 1092 529 1165 hoc,
548 1092 636 1172 quod
651 1092 758 1157 unitas
771 1100 818 1155 est
834 1089 1060 1153 denominatio
1075 1084 1236 1155 absoluta,

149 1184 308 1281 identitas
321 1207 398 1253 vero
414 1191 545 1253 relativa
560 1209 568 1263 ;
586 1184 656 1252 haec
665 1191 759 1253 'enim
775 1189 932 1271 supponit
944 1189 1050 1268 plura,
1064 1202 1137 1264 qua
1152 1183 1239 1245 inter

149 1299 185 1343 se
201 1297 397 1364 comparata,
414 1288 453 1349 ad
469 1288 627 1349 unitatem
645 1287 821 1367 quamdam
839 1286 1049 1351 reducantur.
1066 1282 1122 1347 nst
1137 1295 1239 1360 porro

150 1377 304 1443 identitas
327 1385 441 1447 relatio
465 1384 573 1457 realis,
593 1404 694 1465 quum
725 1404 784 1447 ens
803 1385 944 1448 refertur
964 1384 1005 1445 ad
1031 1380 1121 1445 aliud
1136 1397 1155 1441 a
1169 1395 1238 1459 quo

148 1478 258 1558 reipsa
271 1481 461 1546 distinctum
475 1495 522 1546 est
535 1503 544 1560 ;
559 1486 675 1564 logica,
690 1503 792 1566 quum
806 1502 864 1547 ens
876 1484 1016 1546 refertur
1027 1481 1067 1543 ad
1077 1480 1248 1561 seipsum„

192 1576 204 1599 *
219 1577 292 1642 217.
309 1578 449 1643 Adverte
467 1585 498 1646 1⁰
521 1601 624 1662 quum
647 1582 802 1645 identitas
816 1583 932 1645 relatio
948 1590 996 1643 est
1014 1579 1123 1653 realis,
1143 1577 1237 1659 plura

149 1672 277 1751 objecta
306 1695 377 1740 esse
404 1679 547 1742 identica
567 1683 732 1743 secundum
744 1699 843 1743 unum
860 1688 1037 1759 conseptum
1050 1693 1238 1739 communem

149 1771 198 1848 (L.
211 1774 284 1849 557,
300 1782 395 1854 sem),
413 1788 448 1839 ut
464 1787 511 1839 est
523 1779 676 1841 identitas
688 1778 776 1841 Petri
789 1790 820 1839 et
835 1778 926 1840 Pauli
940 1775 1048 1856 quoad
1064 1784 1237 1849 naturam

149 1889 253 1948 quum
267 1892 343 1937 vero
360 1876 513 1938 identitas
525 1886 573 1939 est
588 1879 703 1941 relatio
717 1878 833 1957 logica,
850 1878 961 1958 plures
976 1883 1154 1954 conceptus
1168 1889 1237 1935 esse

151 1967 314 2034 identicos
330 1977 495 2036 secundum
508 1994 607 2037 tenum
622 1976 779 2056 objectum,
797 1988 832 2037 ut
848 1985 894 2036 est
913 1974 1066 2053 identitas
1088 1970 1149 2032 filii
1181 1970 1235 2033 llei

151 2079 184 2127 et
200 2067 258 2129 tilii
275 2070 383 2133 Maria
400 2075 433 2134 in
450 2075 547 2136 unica
563 2075 681 2136 Christi
697 2090 846 2153 persona.
861 2072 1021 2144 Quocirca
1034 2071 1237 2133 identitatem

152 2165 238 2228 hanc
254 2168 392 2247 logicam
410 2173 594 2237 vocavimus
616 2173 696 2234 alibi
713 2172 906 2251 oltJ'eetivam
924 2170 973 2250 lb*
988 2172 1052 2248 tt.)

193 2264 226 2326 2⁰
240 2266 339 2329 Aliud
359 2272 499 2350 proinde
516 2289 585 2335 esse
608 2271 801 2336 relationem
819 2270 999 2333 identitatis
1023 2269 1108 2332 inter
1129 2267 1236 2349 plura,

151 2365 239 2426 aliud
260 2368 415 2431 unitatem
434 2369 638 2434 fundamenti
652 2370 822 2435 relationis
836 2369 1065 2449 bainsonum
1086 2368 1241 2431 identitas

152 2467 317 2542 ostreariis,
329 2469 579 2533 fundamentum
593 2472 639 2547 (in
648 2471 746 2533 rebus
758 2469 861 2557 finitis
873 2471 914 2534 de
927 2469 1048 2549 quibus
1060 2464 1239 2549 lo‘quimur)

151 2568 201 2623 est
215 2573 340 2627 tantum
357 2566 450 2647 lopitc
465 2568 671 2648 enantion),
688 2586 726 2630 ea
738 2585 855 2649 nempe
868 2567 992 2630 unitate
1004 2585 1077 2648 quae
1090 2566 1239 2631 idearum

152 2661 388 2726 universalium
405 2676 452 2728 est
468 2668 624 2747 propria'3
637 2685 741 2747 quum
759 2666 911 2730 identitas
925 2674 974 2728 est
986 2667 1102 2745 logica,
1121 2665 1238 2728 lunda·

152 2770 302 2822 mentum
318 2772 364 2824 est
388 2766 510 2826 realiter
525 2783 560 2828 ac
577 2766 746 2828 numeriae
763 2782 877 2828 unum.

194 2857 228 2918 5⁰
240 2859 362 2922 Eorum
375 2880 447 2941 qua
459 2872 535 2924 sunt
548 2863 651 2943 logice
665 2864 818 2938 identitas,
832 2863 970 2926 alterum
984 2862 1025 2924 de
1037 2862 1140 2924 altero
1151 2861 1239 2924 affir-

152 2958 236 3018 mari
251 2960 441 3038 possetne.
454 2961 550 3037 idol:
560 2963 647 3036 unde
661 2963 813 3024 identitas
827 2961 1094 3042 logicadefinitur
1106 2979 1241 3042 quoque

151 3057 379 3134 cffismciilites
394 3060 488 3121 unius
506 3061 542 3121 de
556 3062 663 3122 altero.
687 3060 764 3132 Quae
787 3078 863 3123 vero
887 3069 963 3123 suut
986 3059 1116 3121 realiter
1146 3059 1239 3138 ideng

151 3155 228 3228 tica,
245 3174 311 3217 non
328 3176 422 3236 posse
435 3161 572 3222 alterum
586 3160 626 3221 de
639 3162 742 3223 altero
757 3159 910 3221 affirmari
927 3174 935 3234 ;
952 3157 1062 3238 potius
1080 3175 1184 3221 unum
1199 3158 1240 3220 de

152 3253 256 3315 altero
271 3273 339 3316 esse
356 3258 553 3337 negandum.
571 3259 653 3320 Cum
669 3258 757 3319 enim
774 3259 840 3319 sint
855 3256 987 3319 realiter
1000 3256 1145 3331 relativa,
1168 3273 1241 3319 rea·

154 3349 229 3412 liter
246 3368 474 3433 opponuntur,
493 3357 641 3436 adeoque
658 3356 909 3435 distinguuntur
921 3353 1063 3418 realiter.
1271 3427 1274 3430 ¹

195 3449 484 3515 advertetandem
505 3452 538 3515 4ο
561 3456 719 3516 unitatem
746 3453 951 3516 fundamenti
979 3451 1160 3514 identitatis
1185 3453 1242 3532 (⁰2⁰)

152 3550 261 3611 vocari
285 3570 370 3632 saepe
386 3553 599 3615 identitatem.
626 3555 693 3617 Hoc
718 3564 810 3634 pacto
827 3553 969 3614 dicimus
989 3571 1019 3614 v.
1037 3568 1085 3631 gr.
1109 3553 1241 3614 Petrum

153 3665 225 3709 esse
241 3651 374 3711 realiter
395 3651 574 3712 identicum
597 3652 661 3712 sibi
683 3653 759 3731 ipsi,
779 3669 854 3713 cum
872 3649 1004 3731 proprie
1021 3648 1087 3710 dici
1108 3648 1244 3712 deberet

153 3765 225 3808 esse
241 3766 352 3810 secum
371 3750 443 3830 ipso
459 3751 590 3813 realiter
613 3769 717 3814 unum
733 3751 782 3812 vel
806 3751 885 3812 reali
903 3748 1027 3812 unitate
1047 3747 1241 3811 identicum.

196 3845 269 3910 att.
296 3848 405 3910 Realis
437 3849 589 3910 identitas
611 3848 738 3910 diversa
759 3857 807 3910 est
824 3865 883 3927 pro
909 3846 1095 3907 diversitate
1123 3844 1243 3908 funda-

153 3946 269 4022 menti,
288 3965 406 4029 nempe
429 3947 573 4009 entitatis
589 3949 623 4009 in
637 3935 703 4028 qua
724 3948 817 4028 plura
832 3945 1043 4010 conveniunt.
