2792 4600
447 347 534 394 sinen
555 348 717 411 suoqunus,
740 350 832 399 meur
854 354 888 400 u.
1157 340 1220 406 325

125 479 147 523 a
163 479 232 543 quo
248 460 385 525 materia
399 463 558 543 producta
574 471 633 541 est,
650 483 717 530 non
734 467 841 547 potnit
856 485 927 532 essa
943 468 1090 534 materia.
1106 470 1220 539 Primo

127 559 268 640 quidem
291 561 369 642 quia
392 561 527 624 materia
557 562 746 627 immediate
771 582 839 627 uon
865 567 931 647 agit
955 569 1020 631 nisi
1044 573 1219 653 tangendo,

128 658 274 722 mediate
286 677 363 722 vero
379 660 444 740 agit
466 661 659 726 attrahendo
673 664 724 724 vel
746 664 951 744 repellendo.
968 667 1031 729 Sed
1054 670 1088 731 hi
1105 688 1220 735 omnes

128 759 246 838 agendi
275 758 366 821 modi
391 768 582 840 supponunt
601 762 783 836 materiam,
811 772 847 824 ut
872 765 1011 827 actionis
1036 769 1219 849 subjectum

125 863 195 935 jam
212 859 423 938 praeexistens
437 860 571 923 actioni.
589 862 673 941 Ergo
690 862 826 924 materia
841 879 907 924 non
925 873 1030 943 potest
1044 884 1139 945 agere
1153 869 1219 932 nisi

129 957 166 1017 in
184 958 352 1028 materiam
376 957 647 1039 praexistentem.
664 957 736 1020 Non
753 970 859 1040 potest
874 978 952 1040 ergo
968 964 1102 1023 materia
1117 977 1220 1029 mate-

128 1055 214 1115 riam
229 1073 287 1116 sua
303 1057 431 1119 actione
448 1054 642 1136 producere.

173 1153 331 1214 Praeterea
347 1153 470 1216 redibit
484 1171 613 1235 semper
628 1153 780 1235 questio:
797 1172 814 1215 a
831 1172 975 1234 quonam
992 1158 1127 1219 materia
1143 1175 1219 1238 pro·

127 1249 255 1312 ducens
278 1251 339 1313 fuit
363 1253 541 1333 producta?
563 1252 737 1334 Siquidem
761 1253 893 1316 materia
916 1256 1007 1316 nulla
1030 1264 1221 1337 potestesse

127 1364 209 1420 ase.
421 1413 435 1436 ‚

173 1445 245 1511 260.
269 1444 344 1509 Fuit
366 1461 444 1528 ergo
465 1445 602 1529 spiritus
625 1448 681 1529 qui
705 1448 875 1510 materiam
891 1449 1057 1529 produxit.
1075 1453 1218 1534 Spiritus

127 1555 238 1609 autem
261 1563 327 1609 non
349 1546 455 1627 potuit
475 1548 644 1609 materiam
660 1546 799 1609 educere
814 1565 833 1610 e
847 1566 906 1610 sua
921 1548 1101 1614 substantia
1117 1573 1123 1617 :
1142 1572 1218 1618 nam

128 1645 267 1725 spiritus
279 1644 460 1708 substantia
473 1654 521 1707 est
532 1645 672 1725 simplex
687 1656 719 1707 et
735 1644 1040 1712 indivisibilisllon
1056 1652 1162 1730 potuit
1178 1655 1218 1715 il-

129 1746 194 1808 lam
210 1745 349 1808 educere
361 1744 516 1808 aliunde:
534 1762 594 1808 nec
607 1762 625 1806 a
637 1745 773 1807 materia
788 1745 863 1819 alia,
880 1748 958 1826 quia
976 1765 1040 1810 non
1057 1759 1140 1829 erat;
1158 1770 1219 1816 noc

127 1842 172 1903 ab
199 1843 265 1906 alio
287 1844 419 1924 spiritu,
453 1844 530 1925 quia
553 1842 778 1905 indivisibilis.
809 1842 894 1923 Ergo
917 1845 1052 1908 materia
1074 1847 1118 1908 ita
1140 1867 1218 1930 pro·

127 1940 227 2004 ducta
238 1949 297 2015 est,
315 1952 350 2004 ut
365 1962 383 2016 e
398 1942 490 2004 nulla
501 1959 537 2005 re
552 1942 778 2023 praeexistente
794 1939 894 2002 luerit
905 1942 1033 2006 educta.
1051 1945 1125 2008 Fuit
1141 1964 1218 2029 ergo

127 2057 169 2101 ex
184 2039 292 2104 nihilo
314 2041 436 2106 effecta.

172 2137 243 2202 att.
268 2138 471 2203 concrum.
490 2140 521 2202 1⁰
536 2135 694 2201 Errarunt
707 2155 784 2218 ergo
797 2137 986 2220 turpissime
999 2138 1216 2221 democritus,

127 2235 304 2318 Epicurus,
322 2247 419 2320 atque
435 2238 644 2319 insequentes
656 2238 777 2300 deiude
789 2237 888 2313 athei,
903 2238 959 2318 qui
977 2249 1103 2304 atomos
1116 2252 1218 2307 mate·

127 2339 227 2401 riales
242 2338 378 2400 infectas
389 2346 591 2418 aeternasque
603 2338 762 2400 lecerunt.
1123 2399 1126 2405 i

172 2436 205 2498 2⁰
226 2436 298 2500 Non
315 2437 424 2499 minus
450 2437 589 2517 turpiter
614 2446 724 2498 errant
739 2436 931 2516 pantheistae
946 2435 1007 2514 illi,
1025 2440 1081 2517 qui
1100 2440 1216 2504 mundi

128 2538 299 2599 materiam
315 2556 333 2599 e
349 2538 459 2599 divina
473 2535 651 2598 substantia
663 2551 849 2614 expressam
865 2535 1173 2602 comminiscuntur.

171 2635 203 2697 5⁰
224 2634 395 2698 Mundanae
418 2633 562 2696 materia
576 2642 702 2695 creator
718 2641 764 2696 est
781 2632 887 2712 prima
903 2649 1012 2693 rerum
1025 2652 1132 2698 causa.
1147 2638 1216 2701 Pri·

127 2749 217 2796 mam
233 2741 342 2795 autem
359 2749 468 2794 rerum
484 2748 613 2793 causam
635 2748 750 2792 omnes
772 2739 887 2793 vocant
904 2729 1018 2794 Deum.
1037 2733 1122 2797 Deus
1136 2755 1215 2818 ergo

126 2841 178 2895 est
201 2832 317 2894 muudi
335 2840 472 2895 creator.
498 2833 565 2894 lloc
587 2847 675 2893 nunc
701 2829 850 2893 innuisse
869 2831 912 2891 sit
933 2832 1021 2907 satis,
1039 2834 1128 2915 quod
1155 2854 1216 2901 suo

58 2951 61 2955 ’
127 2935 202 2997 loco
218 2941 329 3014 postea
345 2930 635 2994 demonstrabitur.

171 3031 219 3093 Ad
236 3030 451 3106 difficultates,
468 3048 540 3111 quae
556 3047 612 3092 sen
628 3029 668 3091 de
684 3028 849 3092 creatione
865 3031 1084 3110 cogitantibus
1099 3051 1215 3096 occur·

129 3138 354 3210 rerepossuul,
368 3147 426 3191 seu
440 3128 481 3189 ab
496 3127 692 3189 adversariis
707 3134 771 3189 tam
781 3126 926 3207 antiquis
941 3146 1040 3209 qnam
1055 3133 1215 3196 recentio-

129 3229 222 3292 ribus
249 3237 461 3307 oggeruntur,
496 3225 716 3307 dissipandas,
745 3240 848 3305 pauca
871 3227 937 3287 baec
959 3226 1120 3294 sufficient
1143 3248 1216 3309 quae

128 3327 337 3407 subjicimus.

170 3424 244 3487 aba.
269 3424 408 3501 Creatio,
423 3433 459 3485 ut
471 3440 569 3503 snpra
581 3423 734 3497 diximus,
748 3433 796 3483 est
807 3423 935 3485 effectio
947 3423 1032 3485 entis
1043 3444 1080 3486 ex
1094 3425 1215 3505 nihilo,

128 3544 252 3606 nempe
267 3542 306 3585 ex
322 3523 415 3586 nullo
430 3522 576 3601 subiecto
593 3523 831 3602 praeexistente,
858 3522 948 3602 quod
977 3525 1087 3585 locum
1107 3533 1215 3589 teneat

128 3644 235 3689 causae
256 3623 435 3686 materialis
450 3622 498 3701 (Ο.
514 3621 599 3699 sot).
617 3623 657 3685 st
671 3639 730 3703 per
747 3623 809 3685 boc
828 3620 1044 3701 distinguitur
1059 3639 1076 3683 a
1091 3624 1216 3688 caeteris

129 3724 328 3797 actionibus,
341 3740 414 3804 quae
427 3741 444 3784 e
459 3721 683 3804 praeexistente
696 3721 806 3802 aliquo
822 3720 969 3801 subjecto
984 3723 1088 3783 varias
1104 3740 1215 3787 rerum

128 3827 251 3889 formas
278 3824 434 3884 educunt.
459 3822 492 3882 ln
512 3824 573 3883 boc
588 3831 696 3882 autem
718 3819 806 3898 quod
823 3819 965 3880 dicimus
981 3838 1039 3881 ens
1054 3839 1092 3881 ex
1108 3822 1215 3887 nibilo

127 3924 214 4000 fieri,
239 3937 448 3995 nemo-sane,
480 3919 544 3981 nisi
572 3919 724 3998 desipiat,
755 3917 967 3992 existimabit,
995 3920 1104 3998 ipsum
1130 3923 1215 3991 nibil

127 4023 268 4106 spectari
284 4019 377 4102 quasi
393 4020 563 4085 materiam
579 4036 616 4080 ex
633 4035 696 4097 qua
714 4034 770 4078 ens
786 4014 852 4080 fiat.
877 4015 1039 4078 Particula
1054 4018 1143 4079 enirn
1159 4019 1216 4081 illa
1273 4103 1278 4113 ⁴
