2792 4600
414 345 502 391 ιιιιιιι
522 345 644 405 cernue,
668 344 760 392 meur
783 344 828 390 ιιι.
1119 321 1179 385 att

71 500 74 505 ·
133 466 168 530 ιθ
183 463 265 530 Hinc
281 479 348 528 non
364 463 470 543 agitur
485 462 527 525 de
540 461 729 528 extensione
744 469 852 543 perse
867 467 922 522 aut
941 476 1000 541 per
1014 455 1178 528 accidens,

91 562 204 625 cedde
220 559 553 626 extensione‘formali
570 569 625 622 aut
636 558 779 624 victuali.
794 557 875 621 Nam
890 556 1064 620 difficultas
1080 551 1181 618 dedu·

89 662 180 724 citur
194 679 218 722 a.
227 659 372 724 materiae
380 660 570 723 extensione
585 657 727 724 formali.
740 656 838 737 Atqui
852 656 969 734 falsum
985 664 1033 717 est
1040 645 1181 716 formem
1200 731 1205 738 ι

89 762 191 827 atomi
218 759 431 834 materialem,
455 758 482 819 si
506 776 570 838 qua
592 766 686 831 esset,
721 755 850 818 formali
874 756 1063 818 extensione
1087 770 1180 832 posse

91 876 215 933 carere,
234 868 270 921 ut
279 857 646 939 suprcdemonstratum
660 864 719 918 est.
733 854 817 934 Ergo
831 872 937 933 neque
950 853 1021 932 ipsa
1034 852 1180 931 recipere

92 965 221 1020 motum
239 972 358 1037 posset.

133 1058 168 1120 5⁰
188 1055 315 1120 Novum
331 1052 482 1134 estquod
499 1051 677 1116 asseritur:
697 1050 732 1111 in
748 1048 931 1128 composito
946 1065 984 1111 ex
1000 1047 1133 1122 materia
1149 1053 1180 1107 et

92 1154 199 1220 ferma
212 1162 336 1217 motum
349 1152 451 1232 recipi
469 1150 575 1230 primo
588 1149 621 1210 in
636 1147 751 1221 forma,
769 1146 965 1209 secundario
978 1146 1011 1208 in
1026 1145 1176 1207 materia:

4 1271 6 1312 ῑ
93 1252 188 1333 quasi
205 1270 277 1314 veno
292 1250 400 1333 quoed
417 1258 507 1312 actus
521 1266 558 1310 ac
572 1246 740 1327 passiones
754 1243 859 1307 forma
876 1242 1054 1306 materialis
1067 1251 1099 1305 et
1114 1257 1181 1303 ma·

4 1359 5 1376 ³
93 1351 178 1415 teria
193 1350 492 1431 distinguerentur,
503 1355 534 1409 et
548 1363 614 1407 non
631 1344 796 1409 efficerent
811 1360 914 1405 unum
930 1360 990 1423 per
1011 1359 1057 1415 se.

122 1452 170 1513 x4⁴>
195 1446 468 1525 Quumhominis
491 1462 611 1524 corpus
630 1451 757 1508 motum
775 1442 816 1503 ab
845 1441 1028 1503 extrinsece
1051 1437 1180 1517 recipit,

94 1549 177 1631 quid
193 1547 341 1628 estquod
357 1546 480 1608 directe
496 1552 527 1607 et
538 1542 648 1624 primo
662 1550 788 1604 motum
805 1538 947 1619 recipit?
962 1539 1045 1602 Sene
1060 1537 1180 1613 anima,

93 1649 184 1731 juxta
210 1649 295 1710 hanc
324 1645 541 1726 opinionem:
565 1659 639 1706 nem
666 1640 776 1702 anima
804 1646 852 1701 est
880 1637 985 1700 torma
1021 1634 1181 1715 corporis,
1277 1653 1281 1665 ’

96 1766 200 1829 eaque
215 1764 289 1810 vere
302 1745 442 1824 simplex
456 1752 487 1805 et
508 1737 785 1817 inexcusatum
801 1755 839 1798 ex
855 1734 1001 1817 impulsu
1020 1734 1129 1814 primo
1152 1741 1184 1795 et

96 1846 221 1911 directe
229 1843 411 1925 impellitur
422 1839 541 1914 anima,
556 1836 749 1899 secundario
761 1832 1099 1913 etiudireotecorpus.
1117 1830 1204 1894 Hoc.

96 1952 186 2008 certe
200 1942 386 2006 scholastici
403 1957 469 2002 non
483 1937 688 2009 docuerunt3
710 1935 778 1996 imo
794 1933 904 2011 potius
929 1932 1142 1993 contrarium.

141 2044 212 2110 tot.
236 2043 317 2123 Opp.
342 2039 394 2104 tv
418 2039 450 2099 ιι
472 2035 650 2109 Sententia,
663 2050 740 2114 quae
761 2030 873 2093 statuit
888 2037 1014 2092 atomos
1037 2028 1071 2090 in
1094 2044 1185 2090 com-

97 2144 208 2227 posito
230 2151 303 2204 actu
325 2152 527 2219 permanere,
559 2150 626 2195 non
643 2130 783 2212 explicet
811 2129 1033 2191 mutationem
1052 2117 1186 2189 totalem

97 2241 339 2328 proprietatum
358 2234 544 2316 compositi
568 2230 697 2296 Etenim
721 2226 937 2311 proprietates
952 2243 1066 2289 omnes
1087 2225 1187 2287 vires-

6 2424 7 2427 ,
97 2363 166 2427 qne
181 2337 353 2421 compositi
369 2335 504 2397 diversa
515 2329 652 2395 omuino
665 2338 769 2392 sunta
783 2325 1039 2407 proprietatibus
1051 2341 1192 2405 compo·

5 2504 7 2525 ι
94 2442 268 2507 nentium
261 2423 1071 2520 ,queeidoircoacitimioisneutrolizoridicuntur.
1086 2421 1186 2503 Atqui

6 2576 7 2609 l
96 2536 309 2622 impossihile
338 2543 398 2609 est,
428 2531 490 2593 sub
523 2525 777 2609 proprietatibus
809 2541 847 2585 ac
872 2521 999 2587 viribus
1037 2520 1189 2602 specifice

97 2639 239 2702 diversis
254 2633 402 2717 eamdem
420 2644 609 2712 permanere
617 2623 849 2687 substantiam
868 2622 1082 2703 proprietates
1098 2620 1188 2681 enim
1272 2664 1275 2669 .

7 2726 8 2761 ³
99 2759 120 2802 e
134 2734 317 2801 substantia
332 2730 502 2796 resultant.

7 2844 8 2851 ’
142 2841 178 2903 9⁰
200 2836 234 2898 Si
251 2832 351 2896 atomi
367 2840 439 2894 actu
456 2833 588 2891 manent
603 2825 638 2888 in
661 2800 775 2895 mixto,
797 2819 1054 2901 compenetratio
1070 2818 1190 2880 admit·

7 3014 10 3023 Ι
98 2936 202 3001 tende
215 2944 276 3007 est,
297 2949 371 3014 qum
392 2926 644 2991 naturaliterest
659 2919 890 3002 impossibilis.
907 2917 1060 2981 Etenim
1053 2933 1087 2978 ιιι
1107 2933 1191 2996 equa

6 3032 8 3117 l
99 3056 133 3100 v.
151 3053 201 3116 ιιι.
218 3031 347 3095 nullum
362 3036 410 3095 est
426 3034 584 3106 punctum
605 3022 639 3083 in
660 3039 726 3101 quo
748 3018 789 3079 sit
810 3020 917 3079 solum
934 3015 1127 3094 oxygonium
1140 3015 1189 3075 vel

100 3137 214 3199 solum
231 3126 484 3213 hydrogenium,
500 3122 581 3185 sed
573 3139 606 3183 m
623 3121 739 3201 quovis
755 3127 877 3197 puncto
895 3123 1063 3213 utcunque
1075 3114 1191 3193 miquo

6 3234 7 3267 ³
98 3244 259 3314 estaquae
273 3224 444 3310 particula.

127 3332 180 3394 5⁰
201 3327 238 3391 ln
264 3329 324 3395 hac
345 3320 505 3386 sententia
526 3315 680 3397 explicari
706 3312 821 3394 nequit
844 3307 981 3372 mutatio
1003 3306 1193 3369 substantie

5 3478 6 3489 2
102 3449 174 3494 non
190 3426 328 3491 viventis
342 3424 375 3486 in
392 3436 512 3501 corpus
528 3419 649 3490 vivens,
667 3432 725 3476 seu
743 3413 860 3493 plantae
871 3425 930 3470 seu
941 3405 1109 3469 animalis.

150 3527 224 3592 109.
247 3526 346 3605 Resp.
368 3521 452 3600 Neqo
467 3526 534 3579 ent.

149 3628 199 3693 Ad
149 3625 257 3691 Ami
268 3622 335 3704 jam
350 3635 449 3700 supra
460 3629 653 3694 responsum
669 3608 791 3687 estitit,
799 3606 861 3685 rt).
878 3605 915 3669 ln
927 3602 1112 3683 composito
1128 3620 1194 3664 non

5 3714 10 3735 '
106 3736 157 3792 est
167 3723 283 3787 eedem
295 3715 476 3782 substerne
489 3730 562 3795 quae
573 3720 621 3774 est
634 3726 667 3771 ιιι
679 3705 819 3787 nugulis
831 3699 1125 3783 componentibus
1138 3701 1194 3762 scd

106 3836 187 3891 sunt
199 3821 371 3900 utriusque
386 3812 613 3899 componentis
628 3806 818 3871 substantiae
839 3803 1032 3880 coniuncte,
1050 3799 1093 3863 ita
1109 3810 1145 3861 ut
1158 3819 1197 3862 ex

108 3925 285 4001 utriusque
300 3904 528 3994 componentis
538 3905 793 3990 proprietatibus
803 3894 1196 3982 proprietatescompositi

108 4015 433 4137 contemnensque
450 4008 686 4090 proprietatum
698 3999 919 4064 neutrolizetto
932 4010 979 4059 est
994 3995 1104 4077 potius
1118 4013 1198 4060 con-
