2792 4600
498 336 585 381 esaan
608 336 728 393 rarum,
753 338 843 382 carm
866 339 887 381 ι.
1178 319 1239 382 201

149 451 218 511 istm
236 439 384 530 pereunt.
401 448 516 514 Omnis
541 457 649 511 autem
677 450 781 512 torma
810 460 857 513 est
885 451 1081 514 essentialiter
1107 449 1240 531 simplex

149 550 226 629 quia
243 567 308 612 non
326 549 536 629 componitur
549 548 791 628 compositione
806 550 972 612 essentiali
995 568 1034 611 ex
1051 549 1196 629 potentia
1208 558 1242 611 et

148 657 232 722 ectu,
248 648 303 711 sad
321 657 370 711 est
384 648 453 728 ipsa
468 655 577 712 actus:
595 647 743 728 quaedam
759 657 866 710 tamen
885 647 998 711 formae
1015 648 1049 710 in
1064 657 1170 729 partes
1187 648 1238 710 in·
1293 720 1295 724 ,

148 748 285 827 tegrales
298 756 374 809 sunt
389 747 584 821 divisibiles,
599 757 634 809 ut
649 767 678 809 v.
696 766 744 828 gr.
764 749 948 828 plantarum
962 748 1092 810 animm.

190 845 221 907 l.
245 844 366 908 Preter
389 846 510 909 lormas
532 847 763 910 substantiales
785 847 912 910 suntin
929 846 1125 928 corporibus
1141 847 1244 910 etiam

149 942 262 1006 lorsuae
278 944 508 1022 accidentales,
524 954 560 1006 ut
575 945 740 1023 quantitas
757 954 788 1007 et
803 944 954 1025 qualitas,
973 962 1112 1024 quarum
1127 943 1239 1023 subje-

147 1049 237 1104 ctum
253 1060 310 1104 seu
326 1059 422 1105 causa
438 1041 618 1104 materialis
635 1059 695 1105 nec
710 1051 757 1106 est
772 1043 905 1105 materia
924 1042 1029 1122 prima
1046 1059 1106 1104 nec
1122 1041 1239 1133 forma,
1262 1121 1267 1134 1

142 1141 265 1221 ⁴saltem
277 1149 361 1214 actu,
371 1139 428 1205 sed
437 1140 664 1204 tantummodo
677 1158 797 1220 corpus
810 1161 847 1203 ex
856 1139 1237 1221 utraquecompositum.
1264 1218 1267 1223 1

145 1236 222 1300 'lam
236 1238 341 1301 forma
352 1239 575 1303 substantialis
588 1257 685 1320 quam
698 1239 909 1301 accidentalis
921 1250 970 1301 est
984 1249 1086 1312 actus,
1100 1238 1179 1319 quia
1193 1238 1241 1300 la·

147 1337 192 1399 cit
204 1355 273 1399 esse
286 1335 319 1398 in
332 1347 405 1400 actu
419 1337 452 1398 id
469 1338 557 1418 quod
574 1348 643 1399 erat
656 1338 764 1400 solum
778 1339 812 1399 iu
832 1339 999 1419 potentia;
1017 1338 1245 1399 nibilominus

147 1436 252 1497 lorma
283 1435 507 1498 substantialis
537 1436 614 1498 lacit
634 1454 704 1498 esse
719 1437 906 1518 simpliciter,
924 1437 1000 1516 quia
1016 1438 1151 1497 materia
1168 1437 1245 1497 sine

149 1534 209 1595 bac
224 1533 331 1596 forma
346 1533 475 1595 nullum
492 1552 562 1596 esse
579 1532 699 1609 babet;
718 1534 912 1597 formavere
928 1534 1140 1595 accidentalis
1165 1533 1245 1596 facit

147 1651 218 1694 esse
229 1633 396 1696 secundum
411 1633 498 1714 quid,
515 1634 593 1714 quia
619 1633 653 1694 id
683 1634 770 1713 quod
796 1637 862 1716 jam
889 1643 948 1707 est,
967 1632 1042 1696 iacit
1058 1652 1127 1695 esse
1142 1651 1172 1696 v.
1189 1651 1238 1712 gr.

146 1730 259 1793 album
282 1740 338 1794 aut
359 1732 486 1797 videns.
512 1732 595 1795 Hinc
628 1750 731 1813 quum
765 1733 987 1795 introducitur
1010 1734 1043 1793 iu
1067 1733 1239 1794 materiam

146 1831 252 1894 torma
266 1822 502 1906 substantialis,
520 1831 641 1894 dicitur
655 1832 782 1912 aliquid
810 1832 881 1894 fieri
911 1832 1125 1910 simpliciter;
1142 1850 1171 1893 v.
1190 1847 1246 1910 gn.

146 1929 182 1993 fit
193 1932 299 2012 ignis:
317 1951 419 2014 quum
437 1949 511 1994 vero
528 1931 748 1995 introducitur
762 1934 865 1995 forma
878 1930 1100 2006 accidentalis,
1115 1931 1239 1992 dicitur

145 2028 271 2108 aliquid
289 2028 358 2091 fieri
378 2031 439 2093 hoo
451 2040 507 2090 aut
522 2030 622 2107 illud;
638 2050 666 2092 v.
681 2048 730 2110 gr.
751 2033 849 2092 bomo
866 2030 900 2090 fit
916 2029 1021 2092 albus

188 2126 219 2188 8.
244 2126 447 2190 introductio
463 2128 576 2191 formae
590 2130 623 2190 in
637 2131 805 2190 materiam
819 2130 999 2208 appellatur
1020 2129 1187 2208 peucetio,
1204 2136 1236 2187 et

147 2224 259 2288 lormae
274 2228 436 2307 separatio
452 2244 470 2288 a
485 2228 620 2289 materia
634 2228 800 2308 corruptio.
815 2226 907 2290 Unde
922 2228 1089 2309 generatio
1101 2236 1148 2288 est
1164 2243 1237 2287 mo·

146 2337 199 2388 tus
211 2328 251 2390 ad
269 2325 420 2402 formam,
434 2346 471 2389 ac
484 2327 657 2409 proindea
680 2346 744 2390 non
761 2347 829 2390 esse
845 2329 886 2390 ad
901 2346 989 2404 esse;
1004 2326 1173 2407 corruptio
1189 2334 1238 2387 est

149 2435 255 2487 motus
268 2424 308 2485 ad
322 2424 539 2504 privationem
552 2424 724 2499 forn1ae‚ac
737 2427 876 2505 proinde
888 2425 928 2487 ab
941 2444 1011 2488 esse
1023 2425 1063 2487 ad
1076 2442 1142 2487 non
1153 2415 1236 2485 esse,

146 2521 320 2593 Generatio
332 2524 370 2585 ad
382 2523 520 2597 formam
533 2524 779 2587 substantialem
792 2538 839 2588 est
851 2526 1016 2605 generatio
1029 2524 1236 2602 simpliciter;

146 2619 188 2681 ad
201 2619 433 2684 accidentalem
449 2632 497 2684 est
508 2610 676 2703 'generatio
692 2625 872 2687 secundum
885 2624 978 2705 quid,
988 2633 1019 2686 et
1033 2623 1169 2704 proprio
1180 2638 1239 2685 no·

148 2721 237 2782 mine
251 2719 393 2782 alteratio
409 2731 554 2785 vocatur.

189 2818 221 2882 9.
245 2820 292 2881 Ad
305 2821 549 2900 generationem
566 2832 673 2886 autem
687 2823 748 2884 tria
760 2824 996 2904 requiruntur:
1017 2824 1047 2885 i⁰
1059 2840 1117 2884 ens
1131 2823 1164 2883 in
1182 2839 1238 2902 po·

148 2918 262 2994 tentia,
280 2921 368 3000 quod
387 2920 420 2982 in
437 2922 647 3000 generatione
674 2923 882 2985 substantiali
904 2933 952 2985 est
966 2923 1097 2984 materie
1109 2922 1214 3001 primo
1225 2943 1237 2995 ς

147 3019 183 3082 2⁰
205 3036 272 3081 non
288 3030 457 3095 essenus,
476 3030 507 3084 et
524 3022 586 3084 hoc
601 3034 649 3084 est
666 3024 816 3102 privatio,
843 3023 920 3104 quia
950 3040 1016 3085 non
1045 3039 1126 3095 esse,
1149 3021 1183 3081 in
1200 3037 1239 3082 eo

147 3121 238 3200 quod
255 3132 367 3200 aptum
392 3130 538 3197 estesse,
557 3122 694 3203 privatio
707 3137 770 3199 est;
787 3123 820 3185 3⁰
836 3123 867 3184 id
883 3140 940 3202 per
953 3122 1042 3203 quod
1058 3138 1115 3183 ens
1132 3121 1166 3181 in
1183 3137 1240 3199 po-

148 3218 359 3281 tantiafitens
371 3228 456 3293 actu,
467 3230 497 3283 et
510 3220 573 3283 boc
585 3228 632 3284 est
642 3220 756 3301 forme.
770 3222 807 3284 V.
817 3239 865 3302 gr.
877 3221 1010 3283 materia
1019 3218 1080 3283 sub
1093 3235 1240 3299 quacun-

151 3334 214 3397 que
231 3316 392 3380 lormaest
410 3334 476 3380 nisu
493 3317 591 3398 iguis,
611 3319 666 3380 sed
684 3337 749 3381 non
763 3319 823 3381 sub
839 3337 1035 3400 quacunque
1048 3318 1151 3380 forma
1167 3329 1241 3398 apta

148 3424 199 3476 est
214 3427 248 3476 ut
269 3416 311 3477 sit
339 3415 437 3496 ignis,
455 3424 485 3480 at
512 3418 573 3479 sub
599 3416 704 3480 torma
732 3418 811 3498 ligni
839 3419 886 3479 vel
917 3419 1016 3497 paleae
1036 3417 1240 3480 autalterius

152 3512 354 3592 hujusmodi.
373 3515 446 3577 Haec
460 3514 560 3595 igitur
576 3516 709 3577 materia
724 3533 797 3577 cum
815 3516 870 3578 tali
889 3517 1072 3597 privatione
1087 3524 1135 3578 est
1151 3516 1184 3577 id
1201 3534 1240 3578 ex

148 3629 216 3692 quo
233 3611 267 3672 fit
284 3612 389 3692 ignis3
412 3613 516 3685 ferina
532 3623 639 3677 autem
656 3613 742 3694 ignis
758 3628 806 3677 est
822 3615 855 3677 id
870 3633 927 3696 per
942 3614 1032 3695 quod
1049 3615 1083 3675 lit
1100 3614 1195 3694 ignis.

193 3709 277 3771 Hinc
288 3711 449 3789 sequitur,
462 3712 741 3792 quemadmodum
756 3715 891 3775 materia
903 3723 934 3774 et
947 3713 1051 3775 forma
1063 3722 1137 3774 sunt
1152 3712 1241 3792 prin-

150 3807 239 3888 cipia
250 3827 427 3889 corporum
440 3813 647 3876 constitutiva
659 3814 693 3876 in
704 3812 788 3894 fecto
797 3832 868 3889 esse,
881 3816 923 3875 ita
936 3813 1117 3887 materiam,
1132 3811 1241 3892 priva·

152 3905 276 3969 tionem
292 3918 323 3970 et
338 3907 477 3972 sormam
503 3930 574 3973 esse
593 3912 756 3993 principia
782 3911 974 3975 eorumdem
988 3913 1024 3973 in
1038 3912 1117 3991 fieri,
1135 3918 1238 3970 mate-

153 4004 234 4069 riam
250 4015 282 4070 et
297 4006 435 4071 formam
448 4028 503 4091 per
515 4029 556 4086 se,
574 4011 791 4093 priuationem
803 4028 859 4092 per
873 4010 1022 4074 occidens.
