2792 4600
169 262 230 327 380
619 278 809 326 cosnonoem.

132 476 134 480 Ι
169 394 377 475 distinguitur
390 413 439 469 re;
455 387 658 475 distinguitur
673 401 776 456 tumen
791 392 920 468 ratione,
936 400 1085 473 quotenus
1099 393 1174 456 dicit
1186 412 1260 473 per·

170 494 361 557 manentiam
374 494 553 557 existentiae.

209 592 372 655 Probatur
389 593 419 654 l*
434 610 520 671 pars.
532 591 858 665 l⁰Fatentur0mnes,
869 584 1077 653 durationem
1086 589 1258 669 essequasi

169 691 392 754 extensionem
405 691 580 772 quamdam
592 710 628 752 ae
640 689 923 753 continuationem
936 688 1133 754 existentiae:
1148 687 1260 769 itaque

169 808 205 851 ea
220 790 407 853 sehabetad
419 787 952 870 existentiamutproductiolineae
969 787 1008 848 ad
1019 787 1260 869 lineam,atque

169 887 312 951 intensio
322 889 538 970 qualitatisad
551 889 753 969 qualitatem.
770 888 832 951 Sed
844 884 1262 967 productiolineae'realiter

169 1006 234 1051 non
253 988 393 1052 dill'erta
409 989 507 1064 linea,
524 1006 584 1050 neo
598 987 741 1050 intensio
757 986 924 1067 qualitatis
941 1006 958 1047 e
975 986 1141 1065 qualitate.
1158 984 1258 1065 Ergo.

209 1089 243 1176 ἓξ
265 1087 412 1163 Duratio,
426 1106 499 1151 eum
513 1087 556 1149 sit
569 1106 620 1149 res
636 1086 798 1168 quadam,
813 1104 904 1148 suam
919 1086 1124 1148 existentiam
1142 1084 1261 1147 habeat

168 1195 309 1268 oportet.
324 1188 381 1251 Vel
394 1187 503 1267 itaque
516 1187 585 1248 haec
597 1185 782 1249 durationis
794 1184 965 1248 existentia
979 1183 1178 1248 adunatione
1190 1201 1260 1246 nou

168 1285 394 1364 distinguitur,
420 1284 470 1349 vel
487 1295 591 1348 secus.
609 1283 643 1346 Si
663 1301 728 1345 non
746 1283 972 1364 distinguitur,
992 1300 1069 1364 ergo
1085 1291 1133 1343 est
1148 1282 1261 1363 aliqua

169 1385 350 1459 existentia,
366 1403 438 1465 quae
452 1402 470 1446 a
483 1402 540 1446 sua
553 1382 728 1445 duratione
743 1399 812 1444 non
829 1381 1054 1462 distinguitur.
1069 1380 1135 1443 Cur
1149 1389 1259 1443 autem

168 1499 234 1545 non
251 1485 380 1546 omuis‘l
394 1483 428 1546 Si
443 1482 669 1562 distinguitur,
684 1498 831 1561 quaeram
847 1481 985 1544 iterum:
1001 1478 1175 1542 existentia
1189 1479 1260 1542 hacc

170 1581 356 1645 durationis
372 1584 478 1657 durat,
497 1584 620 1645 necne?
641 1583 757 1646 Sinon
775 1582 880 1655 durat,
898 1579 1094 1644 habebimus
1110 1578 1258 1643 duratio·

169 1696 244 1741 nem
261 1682 310 1743 rei
336 1682 429 1760 cuius
451 1680 621 1744 existentia
637 1697 703 1744 non
720 1680 828 1753 durat,
853 1679 942 1759 quod
965 1687 1013 1741 est
1036 1678 1259 1759 maximopere

168 1777 364 1856 absurdum;
383 1779 409 1840 si
425 1797 501 1842 vero
521 1778 628 1853 durat,
646 1796 686 1839 an
702 1777 834 1840 duratio
851 1778 921 1840 haee
936 1777 1116 1840 existentiae
1132 1777 1172 1839 ab
1187 1777 1257 1840 exi·

169 1878 287 1939 stentia
307 1877 534 1957 distinguitur,
555 1895 595 1939 au
612 1878 699 1940 nont
722 1877 756 1940 Si
782 1877 925 1958 primum
941 1877 1042 1953 dicas,
1060 1877 1171 1939 nullus
1193 1876 1258 1938 erit

169 1975 245 2037 finis
261 1977 508 2039 existentiarum
524 1985 555 2041 et
570 1976 801 2053 durationum3
814 1977 841 2038 si
856 1977 1004 2050 alterum,
1020 1975 1256 2038 concludemus

170 2081 205 2136 ut
221 2074 326 2153 prius,
345 2075 468 2137 nullam
484 2075 688 2137 existentiam
704 2061 722 2137 a
738 2093 795 2138 sua
811 2075 984 2138 duratione
1000 2074 1170 2153 distingui.

209 2173 241 2235 5⁰
263 2173 399 2236 Duratio
414 2173 464 2236 vel
481 2181 529 2236 est
543 2174 670 2262 aliquid
687 2174 835 2238 additum
852 2174 1043 2249 existentiae,
1060 2174 1201 2236 velnon.
1219 2169 1253 2234 Si

169 2286 248 2346 non,
261 2269 327 2349 jam
341 2269 404 2333 n'ec
417 2270 632 2352 distinguitur
646 2271 687 2335 ab
704 2272 760 2335 illa
774 2272 915 2336 realiter.
933 2272 965 2337 si
983 2280 1031 2334 est
1042 2270 1167 2352 aliquid
1185 2268 1253 2333 exi·

167 2365 295 2431 stentiae
319 2369 481 2445 additum,
502 2369 582 2450 quid
598 2370 708 2435 additi
723 2370 873 2435 Proiecto
888 2370 1168 2436 continuationem
1184 2369 1253 2431 exi·

69 2532 71 2535 ,
168 2466 306 2529 stentiae.
333 2466 417 2546 Ergo
439 2485 506 2531 non
525 2467 739 2549 distinguitur
755 2488 773 2531 a
788 2468 1037 2533 continuatione
1062 2468 1252 2530 existentiae.

206 2562 221 2592 *
233 2563 306 2628 586.
325 2566 430 2640 Dices,
449 2583 550 2646 quum
567 2583 619 2628 res
634 2566 841 2647 producitur,
858 2566 892 2628 in
909 2567 1017 2646 primo
1033 2584 1098 2628 suae
1113 2565 1254 2628 existen·

169 2664 221 2725 tise
238 2663 370 2727 instanti
385 2664 504 2739 existlt,
520 2672 551 2727 et
567 2683 632 2727 nou
649 2666 756 2730 durat.
772 2667 857 2747 Ergo
869 2665 998 2728 duratio
1010 2665 1123 2727 saltem
1138 2663 1255 2725 distin·

167 2762 279 2842 guitur
300 2762 340 2824 ab
360 2763 542 2827 existentiae
559 2764 666 2828 initio.
684 2765 976 2845 Responden'dum,
993 2766 1173 2828 existentiae
1189 2766 1254 2828 ini·

166 2861 250 2923 tium
275 2880 344 2923 esse
363 2880 494 2943 quoque
512 2861 642 2924 initium
660 2863 858 2939 durationis,
884 2864 1165 2945 quemadmodum
1187 2872 1255 2927 tota

167 2957 339 3019 existentia
363 2967 410 3021 est
433 2966 499 3023 tota
521 2960 663 3033 duratio,
692 2962 844 3024 etunius
867 2960 943 3024 finis
965 2963 1099 3026 alterius
1122 2981 1255 3044 quoque
1318 2988 1321 2993 ⁴

167 3055 243 3116 finis
258 3067 317 3119 est.
335 3056 419 3118 Hinc
434 3065 593 3138 quantum
609 3059 789 3122 existentiae
803 3060 936 3123 additur
951 3061 1130 3124 existentias
1145 3061 1254 3136 initio,
1383 3062 1384 3069 ’

153 3158 368 3219 tantumdem
395 3158 579 3221 durationis
607 3158 740 3221 additur
771 3161 871 3223 initio
897 3161 1093 3236 durationis,
1118 3163 1254 3242 linquo

163 3272 285 3318 norum
297 3255 631 3333 hahesargumentnm
645 3260 684 3318 ad
700 3258 905 3339 propositum
920 3259 1175 3323 ostendendum.
1188 3259 1252 3324 Sed

163 3350 250 3414 dicta
267 3351 446 3416 sufficiunt.
617 3353 619 3355 ’

202 3449 218 3478 *
232 3450 306 3513 587.
330 3450 423 3522 Quod
439 3453 473 3512 in
488 3451 519 3513 2⁸
534 3465 624 3534 parte
640 3454 796 3517 asseritur
812 3474 827 3515 a
845 3455 977 3541 nemine
993 3456 1027 3516 in
1044 3455 1182 3518 dubium
1196 3472 1255 3518 vo·

161 3558 277 3613 catur:
302 3560 351 3611 est
372 3550 460 3611 enim
481 3569 540 3632 per
560 3571 595 3614 se
611 3553 832 3627 manifestum,
851 3553 1036 3617 durationis
1052 3564 1251 3633 conceptum

160 3648 286 3729 aliquid
304 3649 414 3712 dicere
428 3651 518 3731 quod
532 3651 704 3715 existentia
720 3652 895 3715 condicit.
913 3652 998 3724 Quid
1014 3664 1122 3717 autem
1137 3653 1256 3715 laoc'sit

160 3746 246 3808 clare
261 3746 396 3828 exponit
407 3747 526 3810 Suarez
543 3749 595 3810 his
611 3748 719 3811 verbis
736 3765 743 3813 :
764 3772 778 3808 a
798 3750 969 3813 existentia
985 3750 1067 3813 dicit
1082 3750 1254 3814 actualita-

161 3865 177 3902 ι
201 3851 266 3905 tem
288 3844 335 3906 rei
358 3853 447 3908 extra
468 3864 543 3908 suas
566 3864 679 3909 causas
706 3847 865 3932 absolute,
890 3858 922 3913 et
944 3868 1012 3913 non
1037 3850 1254 3914 connotando

164 3962 179 3999 ‹
203 3943 476 4022 praeexistentiam
496 3943 666 4025 aliquam:
690 3945 822 4011 duratio
844 3965 920 4013 vero
943 3948 1024 4012 dicit
1041 3966 1259 4031 perseveran-
