2792 4600
200 304 261 369 290
646 321 836 367 nosuouocm.

200 433 289 515 quod
305 436 454 516 pertinet,
471 453 558 516 nepo.
576 436 612 498 ln
629 445 740 497 nostra
756 432 905 498 doctrina
923 451 996 514 pars
1007 433 1167 513 tangenda
1184 432 1291 496 habe·

201 545 249 595 ret
271 542 343 596 actu
363 551 455 596 suam
478 533 658 614 realitatcm
682 534 715 596 in
737 532 883 597 realitate
905 531 1071 608 coutinui;
1090 548 1157 594 non
1177 540 1292 596 tamen

200 641 283 695 11111
298 639 371 695 actu
386 650 472 713 pars,
487 632 565 713 quia
580 632 728 697 continui
745 631 875 694 realitas
890 650 928 694 ex
945 649 979 694 se
993 629 1095 693 nullis
1107 629 1293 714 distingui·

200 737 254 790 tur
270 728 516 810 partitionibus.
662 787 664 791 .

241 827 289 891 Ad
305 830 345 892 lm
366 828 444 893 nist.
470 828 652 892 Dicendum
676 836 759 893 esset
776 827 848 908 ipso
864 836 1016 891 contactu
1033 825 1171 909 produci
1188 825 1291 889 reali·

199 935 296 990 tatem
313 927 414 1009 partis
429 927 610 1010 tangendae,
626 946 721 1010 11191,-
739 926 877 1009 produci
895 924 965 1007 ejus
982 925 1230 989 distinctionem
1247 924 1294 988 ab

199 1024 263 1088 alia
278 1034 455 1109 comperte,
471 1046 555 1091 conc.
571 1025 628 1089 list
642 1026 757 1090 eadem
772 1024 985 1107 aequivocatio
998 1043 1036 1087 ac
1048 1041 1159 1126 supra.

242 1123 290 1190 Ad
311 1125 352 1188 dm
375 1124 467 1189 Cone.
491 1133 558 1189 ent.
580 1125 658 1212 Nep.
681 1143 765 1188 cons.
789 1126 905 1187 Vertex
926 1122 1013 1187 basis
1036 1132 1067 1185 et
1095 1120 1291 1204 superficies
1388 1127 1389 1178 1

201 1224 348 1287 continui
373 1242 439 1289 non
462 1231 539 1288 sunt
561 1233 666 1304 partes
690 1222 807 1305 ipsius,
831 1222 888 1285 sed
910 1220 1043 1284 termini
1068 1239 1126 1284 scu
1152 1220 1292 1284 limites.
1388 1227 1389 1300 ξ

200 1318 302 1385 Nemo
323 1330 430 1385 autem
452 1322 580 1404 negavit
595 1338 754 1402 unquam,
770 1320 964 1384 continuum
981 1339 1020 1382 ex
1038 1320 1089 1384 sui
1106 1326 1221 1382 natura
1238 1318 1293 1380 di·
1388 1313 1389 1318 ’

122 1438 128 1449 ·
200 1420 301 1481 versis
313 1419 464 1483 terminis
476 1419 659 1483 actualibus
671 1417 911 1482 circumscribi.
925 1417 964 1480 At
976 1436 1014 1481 ex
1026 1418 1089 1481 hoc
1101 1433 1169 1480 non
1182 1416 1295 1498 sequi-

97 1507 99 1512 ’
200 1522 253 1578 tur
268 1517 463 1581 continuum
478 1538 517 1581 ex
532 1538 572 1582 se
582 1520 616 1582 in
630 1527 738 1600 partes
748 1518 891 1580 actuales
905 1535 975 1580 esse
987 1516 1193 1582 distinctum.
1207 1515 1294 1580 Cen·

200 1621 287 1677 trum
299 1633 376 1680 vero
391 1634 458 1682 non
470 1629 518 1681 est
529 1619 594 1681 nisi
609 1618 705 1680 limes
718 1617 834 1682 idealis
847 1617 1089 1682 intersectionis
1102 1616 1292 1681 radiorum.

201 1712 246 1775 Ac
258 1714 397 1795 proinde
412 1715 534 1802 signari
551 1725 626 1781 actu
642 1726 792 1781 centrum
805 1717 931 1797 nequit,
947 1714 1012 1778 nisi
1025 1727 1132 1800 partes
1148 1714 1294 1777 actuales

203 1811 417 1893 designentur
432 1815 532 1879 ductu
549 1815 730 1881 radiorum.
940 1807 943 1812 ’

241 1910 289 1973 Ad
304 1913 347 1977 lm
362 1913 447 1996 Ncpo
462 1921 531 1979 ent.
548 1914 596 1977 Ad
613 1923 673 1979 rat.
691 1912 768 1978 add.
787 1912 864 1977 litat.
889 1915 925 1977 ln
941 1921 1074 1977 extenso
1090 1920 1166 1975 sunt
1182 1919 1294 1993 partes

201 2019 291 2074 extra
304 2022 425 2092 partes;
443 2013 466 2076 i.
483 2031 510 2075 e.
529 2020 635 2093 paries
646 2013 788 2076 actuales
799 2011 848 2075 vel
863 2010 1051 2093 possibiles,
1065 2030 1150 2077 conc.
1159 2035 1171 2088 ,·
1185 2022 1295 2091 partes
1389 2075 1390 2082 ,

200 2110 384 2172 necessario
405 2111 558 2183 actuales,
580 2129 669 2192 nepo.
693 2110 800 2190 Supra
818 2110 886 2190 iam
912 2110 1103 2176 monuimus
1129 2109 1215 2189 (165,
1230 2109 1293 2189 3⁰),
1389 2145 1390 2152 1

202 2208 479 2288 quemadmodum
491 2209 691 2273 extensionis
705 2209 895 2291 interruptae
910 2227 967 2272 seu
982 2209 1130 2272 discretae
1142 2208 1296 2273 extensio
1389 2193 1390 2278 ἶ

201 2305 235 2367 in
250 2308 390 2386 partium
402 2308 578 2373 actualium
591 2306 709 2392 ordine
722 2317 752 2370 et
765 2307 969 2383 connexione
981 2306 1043 2370 sita
1054 2319 1111 2380 est,
1126 2308 1170 2370 ita
1182 2315 1297 2372 exten·

199 2422 272 2467 sum
290 2405 484 2470 continuum
501 2406 618 2471 ordine
636 2414 666 2469 et
696 2406 877 2470 conexione
894 2406 1040 2490 partium
1063 2406 1293 2489 possibilium,

202 2504 236 2565 in
252 2523 333 2587 quas
345 2504 448 2568 dividi
465 2514 582 2588 potest,
599 2505 776 2568 contineri.
1170 2498 1172 2500 ’

244 2603 315 2667 182.
331 2603 472 2678 Quaestio
487 2604 587 2668 altera
600 2613 649 2669 est
663 2604 703 2666 de
718 2603 867 2667 continui
881 2604 1041 2667 terminis.
1062 2605 1101 2669 lli
1116 2614 1190 2668 sunt
1204 2623 1295 2686 pun·

202 2710 295 2777 ctum,
316 2702 477 2764 terminus
489 2702 607 2780 lineae;
626 2704 718 2776 linco,
735 2703 896 2766 terminus
917 2702 1120 2783 superficiei3
1137 2711 1169 2766 el
1187 2721 1295 2784 supcr-

200 2798 293 2878 ficicc,
309 2800 469 2861 terminus
477 2800 589 2863 solidi.
607 2800 651 2862 ue
662 2799 712 2861 his
728 2808 835 2864 autern
848 2801 1021 2881 triaquaeri
1039 2813 1191 2883 possunt;
1208 2803 1294 2865 l⁰an

201 2895 268 2956 sint
279 2904 518 2959 extromentem
531 2898 564 2960 iu
574 2897 770 2978 corporibus
783 2899 836 2974 ;1ο
852 2898 967 2962 ausint
979 2897 1013 2960 in
1026 2899 1219 2981 corporibus
1230 2898 1295 2961 ali·
1391 2896 1392 2919 ¹

200 2990 280 3073 quid
303 2993 433 3073 positivi
445 3018 457 3070 ;
471 2994 505 3058 5⁰
522 3014 563 3058 an
580 2996 666 3057 iuter
680 3014 715 3058 se
737 2995 869 3060 realiter
887 2995 1144 3078 distinguantur.
1170 2997 1215 3065 ue
1238 2996 1296 3060 bis
1391 3014 1392 3055 3

201 3092 304 3154 multa
318 3102 440 3156 veteres
457 3111 465 3158 :
482 3092 621 3156 sufficiet
640 3093 738 3157 nobis
753 3092 946 3163 brevissime
965 3094 1103 3158 innuere
1118 3094 1197 3176 quid
1215 3112 1293 3158 sen·
1391 3082 1392 3113 ¹

201 3190 350 3253 tiendum
363 3191 523 3256 videatur.
994 3180 996 3183 ⁸

243 3287 313 3353 185.
330 3289 441 3363 Quoad
458 3291 495 3353 lm
519 3289 629 3371 itaque
639 3298 770 3353 eertum
793 3297 853 3368 est,
867 3291 897 3354 1ο
913 3290 1130 3356 indivisibilia
1146 3309 1216 3354 esse
1229 3290 1292 3355 ali·

200 3387 281 3468 quid
304 3396 392 3449 extra
417 3397 572 3462 mentem,
595 3405 662 3451 non
685 3382 793 3452 tamen
810 3389 854 3454 ita
872 3400 908 3452 ut
923 3389 1117 3457 continuum
1134 3398 1293 3471 tanquam

199 3493 307 3566 partes
319 3484 522 3557 ‚constituant
537 3484 631 3566 (158),
649 3486 705 3549 sed
723 3485 767 3549 ita
782 3498 818 3549 ut
833 3488 943 3568 ipsum
966 3489 1162 3553 continuum
1175 3488 1291 3555 termi-

200 3593 290 3658 nent,
307 3592 362 3648 aut
382 3584 452 3666 ejus
474 3593 582 3666 partes
602 3585 786 3666 designatas
807 3587 977 3666 copulent.
988 3585 1069 3649 Nam
1086 3586 1174 3653 linea
1188 3606 1219 3650 v.
1235 3603 1289 3668 gr.

197 3701 273 3745 vere
297 3685 475 3747 terminum
496 3683 673 3765 habetque
694 3684 820 3759 linitur,
844 3694 875 3747 et
892 3702 958 3765 quo
980 3685 1169 3769 contingere
1189 3685 1293 3751 aliam

199 3780 320 3843 lineam
337 3782 440 3862 possit
457 3799 465 3846 ε
480 3782 666 3864 pariterque
679 3781 786 3845 sicubi
803 3781 890 3844 linea
906 3781 940 3845 in
966 3782 1050 3855 duas
1062 3783 1291 3865 distinguitur,

199 3879 250 3943 hae
264 3888 369 3960 partes
385 3898 459 3944 vere
481 3880 588 3944 adhuc
610 3881 818 3963 copulantur.
838 3879 873 3943 ld
890 3890 997 3946 autem
1021 3899 1087 3967 quo
1109 3881 1197 3949 linea
1212 3865 1290 3944 fin'i·

200 3985 264 4052 tur,
281 3986 391 4058 etque
403 3978 498 4042 lineae
510 3991 617 4059 partes
630 3979 838 4060 copulantur,
855 3989 903 4042 est
916 3988 1087 4063 puuctum.
1097 3978 1294 4061 Eodemque
