2792 4600
124 227 188 292 368
576 246 765 292 cosnoman.

124 360 272 422 tumdem
289 369 347 437 est,
366 379 403 422 ac
418 353 641 423 extensionem
655 363 786 437 habere,
805 381 877 443 quae
889 362 986 425 alicui
1005 364 1087 444 parti
1104 371 1215 425 exten·

125 457 231 520 sionis
247 457 413 538 possibilis
430 469 725 522 commensuretur.

168 555 328 627 Quoniam
352 574 429 633 vero
451 574 549 619 omne
571 576 689 638 eorpus
716 576 775 638 per
790 576 824 620 se
840 566 1008 621 extensum
1028 566 1088 636 est,
1107 575 1215 639 perse

125 671 260 734 qnoque
275 656 370 717 estin
386 656 492 736 spatio
503 656 619 719 saltem
635 657 747 719 ideali.
1141 657 1144 662 ’

167 753 257 816 ³556.
286 755 447 830 Quodne
475 756 648 837 spiritibus
680 756 892 833 affirmamus,
917 775 955 819 ex
972 757 1069 819 dictis
1100 773 1218 819 conse·

124 852 251 933 quitur.
275 852 418 935 Spiritus
445 856 533 918 enim
562 874 637 917 cnm
660 855 850 918 extensione
865 865 1008 933 careant,
1032 856 1114 920 nulli
1131 853 1220 937 parti

125 952 325 1016 extensionis
344 953 511 1032 possibilis
527 963 848 1031 commensurantnr,
866 973 903 1016 ec
923 963 1096 1036 propterea
1112 969 1221 1034 perse

126 1049 162 1111 in
186 1050 259 1113 loco
290 1070 355 1113 non
386 1060 473 1126 sunt,
504 1052 561 1114 sed
588 1052 695 1116 solum
724 1052 758 1114 ln
786 1052 1006 1116 immensitate
1028 1052 1096 1127 liei,
1122 1050 1220 1132 cujus

124 1147 246 1210 virtute
272 1149 384 1211 omnia
409 1149 601 1212 subsistunt.
625 1150 688 1212 Sed
718 1151 875 1231 quoniam
907 1160 1043 1232 possunt
1058 1168 1128 1213 esse
1148 1165 1220 1213 uno

126 1246 227 1310 modo
253 1247 302 1310 vel
317 1248 420 1310 altero
451 1256 625 1327 praesentes
644 1248 841 1329 corporibus
862 1249 1043 1312 secundum
1066 1249 1237 1311 substan.

26 1339 27 1342 ’
125 1345 218 1420 tiam,
236 1346 311 1410 ideo
329 1356 466 1427 possunt
494 1366 626 1428 qnoque
656 1348 837 1412 secundnm
859 1348 1074 1411 substantiam
1097 1345 1171 1411 esse
1183 1347 1222 1409 in

126 1442 211 1505 locis
236 1462 309 1525 qun
335 1462 353 1505 a
382 1445 579 1525 corporibus
608 1456 839 1526 occupantur;
862 1464 899 1508 ac
925 1445 1066 1527 proinde
1081 1445 1115 1508 in
1144 1446 1221 1509 loco

127 1559 260 1623 quoque
276 1542 375 1604 ideali
393 1561 463 1605 esse
479 1543 724 1624 concipiuntur.

466 1735 468 1740 ,
560 1694 725 1740 tnrlcntns
745 1694 785 1741 lv.

387 1810 457 1872 *Dc
477 1830 641 1892 corporum
662 1811 946 1893 compcnctratienc.

170 1941 244 2005 557.
261 1941 336 2004 Duae
353 1940 408 2003 hic
433 1951 611 2007 occurrunt
636 1960 711 2004 vere
734 1942 844 2005 arduae
860 1942 1068 2023 quaestiones‘
1085 1940 1124 2001 ad
1141 1956 1223 2020 quas

70 2065 72 2069 v
129 2038 321 2120 philosophi
361 2056 530 2119 nunquam
571 2038 720 2102 animum
760 2036 1078 2112 advertissentsnisi
1105 2036 1225 2099 divinoe

130 2136 286 2217 potentin
308 2137 518 2199 miraculaac
540 2137 712 2218 religionis
731 2137 918 2201 christianae
930 2135 1084 2219 mysteria
1099 2134 1235 2216 aliquid⁴

73 2287 76 2290 .
129 2234 227 2298 nobis
242 2234 282 2299 de
294 2236 535 2315 supernaturali
549 2244 632 2300 statu
646 2251 744 2319 quem
759 2254 898 2318 corpora
911 2235 1060 2300 obtinere
1073 2241 1221 2316 possunt,

129 2335 340 2423 revelassent.
359 2333 560 2405 Quaestiones
572 2346 647 2398 sunt
667 2335 862 2414 hujusmodi
882 2353 889 2399 :
908 2335 938 2397 1²
952 2352 993 2396 an
1011 2333 1138 2415 possint
1154 2333 1221 2395 duo

75 2463 79 2469 ·
129 2449 270 2513 corpora
287 2433 322 2495 in
343 2451 409 2498 uno
438 2434 620 2514 eodemque
648 2434 720 2498 loco
744 2436 889 2516 proprio
918 2433 1098 2497 consistere
1115 2449 1123 2496 :
1139 2431 1222 2495 iden

131 2533 235 2611 possit
262 2550 365 2594 unum
396 2532 547 2628 idemque
573 2550 693 2612 corpus
715 2532 751 2594 in
784 2532 935 2614 pluribus
963 2532 1045 2596 locis
1074 2529 1222 2594 existere.

5 2647 6 2668 ³
130 2630 269 2710 Aliquid
287 2630 436 2692 dicemus
451 2631 492 2691 de
509 2638 657 2710 utraque.

174 2730 247 2794 558.
276 2731 456 2793 Pnorosrrro
480 2729 517 2791 V.
547 2730 819 2808 impenetrabiliter
847 2730 949 2811 quoad
977 2730 1075 2791 mcum
1099 2745 1163 2789 non
1183 2738 1225 2791 est

130 2829 255 2908 corpori
268 2829 446 2904 essentialis,
461 2827 507 2889 ito
522 2835 557 2889 ut
571 2827 734 2889 intrinsece
749 2837 894 2909 repnpnct
908 2828 983 2889 bina
993 2827 1039 2888 vel
1049 2825 1144 2907 pluro
1157 2844 1224 2888 cor·

129 2946 212 3008 poro
225 2927 262 2988 in
275 2945 340 2988 nno
351 2927 510 3006 eodemque
521 2925 586 2986 loco
601 2926 697 2988 simul
708 2926 799 2989 coire.
901 2937 903 2941 ·

177 3023 262 3097 Quid
277 3020 328 3088 sil'
349 3022 643 3104 impenetrabilitas
660 3025 768 3104 quoad
787 3023 910 3095 locum,
927 3023 1161 3104 supradictum
1178 3029 1227 3083 est

132 3125 230 3202 (t87).
248 3122 483 3202 Imaginatione
498 3121 645 3201 prolecto
667 3109 908 3203 comprehendi
928 3121 1041 3203 nequit
1058 3120 1146 3201 quod
1170 3121 1226 3183 hic

132 3224 290 3284 asseritur
305 3244 316 3296 ‚·
333 3220 554 3284 nihilominus
569 3238 635 3283 non
651 3220 827 3304 difficulter
851 3220 1029 3283 intellectui
1056 3222 1222 3284 suadetur.

131 3321 262 3386 Etenim
280 3321 312 3380 in
331 3320 394 3381 hoo
409 3318 497 3398 quod
511 3318 588 3380 bina
604 3336 743 3399 corpora
758 3319 911 3381 eumdem
926 3319 1025 3381 simul
1038 3318 1145 3382 locum
1168 3334 1224 3380 oc·

132 3426 268 3498 rupem,
286 3417 376 3478 nulla
388 3423 436 3478 est
450 3415 677 3490 contradictio,
693 3426 748 3489 eut
760 3427 846 3478 certe
859 3417 949 3478 nulla
961 3415 1089 3479 ostendi
1106 3423 1222 3496 potest.

131 3514 214 3580 Nam
230 3518 279 3578 est
294 3514 429 3595 quidem
453 3513 649 3594 corporibus
668 3514 840 3576 essentiale
857 3525 892 3576 ut
908 3515 1059 3575 resistent
1074 3521 1223 3594 penetra·

130 3614 229 3688 ttoni,
247 3631 314 3675 non
340 3622 500 3674 autemut
522 3612 706 3673 resistentia
723 3613 793 3674 haec
822 3612 986 3693 superiori
1006 3610 1124 3673 virtute
1140 3628 1224 3673 nun-

132 3731 233 3791 qnam
263 3712 422 3774 vincetur.
439 3710 560 3774 Omnes
588 3728 731 3791 namque
749 3712 847 3787 vires,
879 3712 943 3773 nisi
972 3710 1109 3773 inlinitee
1144 3711 1222 3785 sint,

132 3811 298 3890 superiori
320 3812 438 3872 virtute
453 3809 539 3882 vinci
557 3819 705 3889 possunt.
723 3811 803 3886 Quis
818 3819 925 3874 autem
942 3810 1029 3872 dicat
1049 3807 1223 3871 resistendi

132 3909 200 3970 vim
223 3909 386 3971 infinitam
415 3908 511 3971 esse?
531 3905 640 3970 Potest
670 3908 782 3988 igitur*
798 3907 963 3989 superiori
988 3891 1107 3970 virtute
1123 3905 1222 3971 vinci.'
