2792 4600
428 378 512 421 ranan
535 378 669 436 tentius,
693 380 786 426 arear
809 380 855 444 tu.
975 425 977 428 ,
1136 369 1209 433 tot·

148 493 263 557 Utrum
284 511 360 556 vero
382 510 439 555 ens
465 494 659 573 contingens
679 504 834 557 aeternam
859 496 963 576 possit
992 497 1198 562 existentiam

110 590 239 663 babere,
257 591 336 652 alibi
355 591 574 670 inquiremus.

148 688 312 752 Prorostro
336 688 389 752 lll.
421 688 512 765 Quod
546 689 724 767 continpenc
757 699 799 751 etl
830 691 1025 754 existentiam
1060 696 1196 758 amittere

105 794 211 864 pausa
921 813 924 817 Δ

148 885 220 945 Non
235 885 323 946 enim
340 886 491 946 absolute
507 896 668 967 repugnat
684 885 794 964 ipsum
811 904 876 947 non
894 887 1044 950 existere.

148 983 220 1047 570.
245 985 373 1062 Duplici
397 984 495 1046 modo
518 1002 575 1044 ens
597 985 791 1062 crintingens
805 985 844 1045 ad
866 985 1069 1049 existentiam
1086 990 1198 1052 venire

110 1090 223 1158 potest,
246 1101 363 1161 nempe
384 1083 432 1142 vel
453 1100 492 1143 etc
507 1083 610 1161 aliquo
637 1084 684 1143 vel
707 1103 746 1143 erc
765 1084 864 1145 nibiln
881 1084 1014 1146 absolute
1034 1084 1117 1161 (308,
1140 1088 1196 1163 Ρ).

148 1179 278 1241 Primus
297 1180 466 1242 exoriendi
488 1182 607 1242 modus
632 1180 755 1241 dicitur
775 1183 935 1261 productio
950 1199 1008 1245 seu
1023 1181 1150 1263 effecum
1167 1195 1200 1245 et

110 1292 171 1338 torri
191 1279 471 1351 adnunciantes,
504 1296 601 1357 quam
633 1280 672 1340 ad
703 1280 889 1341 accidentia
920 1283 1084 1359 pertinet:
1114 1284 1223 1343 alter*

108 1377 236 1452 creatio,·
254 1389 285 1437 et
300 1378 558 1439 substantiarum
572 1377 785 1440 solummodo
802 1380 956 1458 proprius
971 1389 1030 1440 est.

147 1475 221 1537 att.
246 1475 429 1538 Substantia
447 1474 574 1554 duplici
593 1475 690 1538 modo
707 1475 842 1537 interire
858 1485 975 1555 potest,
992 1477 1039 1539 vel
1054 1460 1140 1558 quod
1163 1480 1198 1540 in
1300 1531 1306 1543 .

112 1583 216 1652 partes
231 1575 352 1654 quibus
367 1585 505 1649 constat,
531 1573 734 1648 dissolvitur,
751 1586 782 1635 et
806 1576 859 1636 bic
874 1577 991 1637 modus
1013 1578 1196 1657 appellatur

109 1674 282 1751 corrupti03
306 1673 354 1734 vel
377 1672 465 1753 quod
485 1673 524 1732 ad
550 1673 692 1733 nibilum
715 1673 865 1735 absoluto
886 1676 1065 1749 reducitur,
1087 1687 1118 1738 et
1145 1677 1199 1739 bic

102 1771 297 1831 'annihilatio
313 1781 533 1849 nuncupatur.

148 1869 325 1948 Corruptio
346 1880 453 1930 autem
478 1868 667 1930 substantiae
688 1869 737 1929 rel
758 1868 897 1932 efficitur
926 1872 1043 1931 actione
1054 1875 1198 1951 positiva,

112 1977 143 2028 ot
154 1984 257 2046 quum
273 1966 414 2028 cltimica
426 1983 600 2045 corporum
615 1965 817 2027 combinatio
829 1966 1038 2039 dissolutum
1056 1970 1104 2029 vel
1118 1974 1196 2050 quin

110 2067 205 2126 altera
224 2084 262 2125 eor
280 2065 418 2144 partibor
443 2066 547 2143 inepta
568 2064 706 2125 unitioni
733 2062 872 2144 efficitur,
895 2075 930 2127 ut
959 2083 1060 2145 quum
1086 2068 1196 2129 anima

114 2165 253 2224 bumana
272 2182 289 2224 a
306 2180 442 2243 corpore
459 2173 639 2242 separatur.
938 2173 943 2182 ’

151 2263 309 2325 Accidens
324 2282 394 2326 esse
407 2272 519 2334 cessat,
537 2279 638 2342 quum
652 2281 669 2323 e
684 2261 833 2342 subjecto
849 2262 1035 2348 expellitur.
1053 2267 1120 2328 lloc
1136 2284 1195 2328 au-

31 2362 32 2371 ’
112 2360 175 2423 tem
189 2362 224 2423 lit
239 2364 418 2424 relectione
438 2362 609 2434 contraria,
633 2370 668 2422 ut
690 2374 797 2423 motus
819 2371 910 2423 motu
931 2362 1109 2426 destruitur
1117 2389 1128 2439 ;
1147 2367 1194 2428 vel

31 2508 32 2533 ,
111 2482 147 2522 cn
170 2462 364 2540 corruptione
387 2459 524 2539 subjecti,
553 2468 587 2520 ut
609 2458 774 2520 destructo
804 2460 913 2537 oculo,
943 2461 1121 2523 destruitur
1153 2464 1198 2525 lis

31 2542 33 2571 ³
113 2561 228 2634 lisiva3
245 2559 293 2620 vel
309 2577 346 2622 ea
357 2559 471 2639 defectu
490 2576 599 2631 cansa,
618 2569 653 2618 ut
668 2557 778 2618 delicit
801 2559 1001 2621 illuminatio
1016 2561 1109 2640 opaci
1123 2580 1200 2624 cor·

31 2728 32 2733 .
114 2661 211 2739 poris,
231 2658 385 2721 luminosi
401 2656 549 2737 corporis
566 2656 694 2717 actione
710 2656 891 2718 deliciante.
974 2678 976 2682 ’

31 2756 32 2763 ’
149 2757 222 2819 57⁹2.
239 2759 282 2820 lle
303 2766 377 2818 ortu
397 2765 428 2817 et
445 2755 580 2815 interitu
603 2754 740 2827 entium,
760 2773 800 2815 ne
817 2756 980 2834 graviores
993 2760 1190 2835 quaestiones

114 2871 345 2935 preoccupem
362 2854 431 2914 ltaec
442 2861 566 2913 tantum
580 2851 769 2931 subjiciam.

150 2955 327 3015 Pnornsrrro
349 2950 400 3012 lV.
423 2949 602 3012 Substantia
622 2950 790 3028 composita
809 2966 879 3009 curn
902 2968 940 3009 err
959 2950 1062 3030 aliquo
1077 2961 1193 3013 tumen

113 3051 208 3112 nillilo
224 3049 355 3130 produci
371 3059 480 3129 potent.
501 3048 545 3109 At
564 3049 736 3110 adstantia
750 3048 882 3126 timplcn
895 3066 959 3108 non
976 3059 1071 3128 paluel
1087 3070 1125 3110 eu
1139 3051 1199 3111 ali·

31 3194 32 3197 ,
113 3169 168 3229 quo
181 3150 321 3228 produci,
335 3150 385 3209 aad
399 3149 498 3209 nolum
512 3166 551 3207 en
565 3146 664 3209 nitito
679 3146 824 3208 absolute.

152 3246 261 3309 Prima
281 3264 354 3328 pars
368 3256 415 3307 est
432 3264 490 3326 per
501 3264 535 3306 se
551 3246 742 3307 manifesta:
760 3244 860 3304 altera
882 3243 977 3305 lacile
993 3245 1197 3306 demonstra·

117 3363 175 3408 tur.

31 3514 32 3525 ,
154 3442 280 3506 Etenim
296 3441 475 3504 substantia
491 3440 629 3519 simplex
647 3457 714 3500 non
738 3448 842 3519 potest
863 3438 1017 3500 constitui
1036 3457 1196 3517 percom-
1229 3493 1235 3497 .

31 3532 32 3535 '
117 3540 309 3620 positionem
327 3539 468 3620 partium
487 3539 775 3618 praeexistentiam,
793 3547 828 3598 ut
845 3544 942 3617 patet.

154 3641 222 3702 Non
236 3639 329 3700 educi
343 3657 360 3698 e
372 3638 518 3717 subjecto
529 3646 626 3700 :nam
639 3636 728 3716 qnod
741 3655 758 3697 e
771 3637 917 3713 subjecto
931 3634 1093 3711 educitur,
1111 3637 1196 3699 acci-

32 3722 36 3729 ’
117 3740 191 3801 deos
206 3749 254 3799 est
266 3738 411 3817 eiusdem
428 3736 578 3814 subiecti,
596 3754 660 3796 non
674 3742 783 3795 autem
796 3732 988 3794 substantia.

156 3839 222 3900 Non
244 3837 369 3898 extrahi
388 3848 553 3914 utcunque
568 3853 586 3896 e
600 3833 780 3895 substantia
797 3832 990 3912 composita.
1014 3832 1046 3892 Si
1069 3834 1158 3896 enim
1178 3855 1197 3898 a

117 3934 293 3995 substantia
310 3933 487 4012 composita
509 3931 630 3994 extrahi
654 3931 790 4003 dicatur,
810 3929 875 4008 jam
896 3936 964 3990 erat
985 3928 1019 3989 in
1039 3928 1107 3994 illa.
1125 3932 1198 3996 Non

121 4035 178 4095 boc
193 4033 290 4113 igitur
304 4040 398 4111 pacto
414 4031 551 4092 existere
568 4030 698 4110 incipit.
