2792 4600
171 239 231 300 tlt
613 251 801 299 ‚ourouocrn

171 368 451 450 quemadmodum
461 385 528 451 ‘pro
543 367 762 431 terminorum
779 364 977 440 diversitate,
994 365 1093 428 modo
1113 364 1257 445 legitima

169 468 270 531 modo
286 485 383 548 prava
399 485 469 529 esse
486 474 591 547 potest
606 466 679 526 data
695 463 942 544 argumentandi
961 462 1077 525 lotura.
1372 520 1373 523 ,

211 564 283 628 225.
308 565 381 628 Pari
398 565 497 628 modo
512 562 739 626 disserendum
752 561 793 623 de
808 560 976 641 principio
991 560 1049 622 illo
1064 559 1167 622 altero
1181 558 1259 621 buic
1372 570 1373 623 ὲ

169 663 284 727 affini:
315 658 498 744 quaecnnpite
525 672 598 724 scot
625 662 704 722 idem
728 660 893 722 nectendum
920 677 984 720 rem
1012 657 1205 737 (chiscore),
1222 657 1259 718 ic
1372 678 1373 747 3

170 780 346 842 quocunque
359 771 403 824 est
414 780 512 824 unum
526 770 569 823 est
582 770 610 822 et
622 761 762 823 mcum.
780 757 904 837 Nempe
919 767 952 818 ut
968 757 1109 837 explicat
1123 757 1156 820 S.
1170 755 1257 818 Tiro·
1372 822 1373 833 ἶ

169 878 240 923 mas
256 866 304 940 (ι),
321 864 485 924 secundum
498 862 579 941 quod
599 860 679 922 idem
703 868 786 921 sunt.
804 858 950 920 Essentia
965 863 1074 918 autem
1101 856 1213 917 divina
1229 865 1260 917 ct
1372 858 1373 919 ζ

170 960 348 1040 paternitas
362 980 392 1024 v.
409 978 458 1040 gr.
473 969 550 1021 sunt
565 958 723 1036 objective
739 957 826 1018 idern
842 955 1022 1017 secundum
1040 973 1109 1017 esse
1125 955 1272 1017 absolu·

170 1063 252 1128 tum,
270 1058 326 1119 sed
342 1057 469 1121 ratione
496 1056 669 1131 differunt3
686 1072 752 1117 non
781 1053 870 1115 enirn
893 1054 1069 1132 paternitas
1090 1052 1121 1113 id
1150 1054 1258 1116 solum

171 1155 253 1216 dicit
268 1155 356 1235 quod
373 1155 602 1217 dicitessentia
616 1154 765 1215 absolute
781 1162 812 1214 et
828 1155 861 1213 in
875 1153 1048 1227 abstracto,
1059 1152 1114 1214 sed
1128 1144 1260 1216 relatio·

170 1271 246 1314 nem
274 1255 497 1335 insuperque
523 1253 621 1315 unius
637 1260 763 1313 tantum
792 1269 938 1331 personae
953 1262 1001 1312 est
1027 1251 1173 1331 propria,
1192 1250 1260 1313 non

172 1352 322 1415 aliarum.
339 1352 496 1432 Adeoque
522 1369 588 1414 non
616 1350 729 1412 licebit
756 1350 974 1412 concludere:
1000 1349 1040 1441 in⁴
1060 1350 1261 1430 quocunque

172 1458 219 1512 est
233 1451 374 1513 essentia
386 1451 508 1524 divina,
525 1450 560 1511 iu
576 1467 616 1512 eo
631 1458 662 1512 et
678 1449 905 1529 paternitatem
922 1466 1003 1510 essa.

574 1594 755 1661 'curremus
787 1614 834 1659 ιιι.

588 1699 848 1794 Dedistittctione.
1372 1798 1373 1807 ἵ

215 1844 284 1908 224.
308 1843 472 1908 identitati
490 1844 658 1906 distinctio
673 1843 865 1924 opponitur,
883 1850 919 1905 ut
934 1842 1078 1905 exclusio
1095 1842 1185 1905 illius
1199 1861 1207 1907 ε
1222 1860 1261 1907 ac

174 1953 347 2024 propterea
363 1943 550 2006 describere
565 1943 656 2005 illam
681 1944 794 2006 licebit
812 1942 917 2020 (bibit
934 1943 1103 2005 carentiam
1125 1945 1263 2023 aliquant

176 2044 306 2105 unitatis
319 2044 403 2105 inter
414 2044 519 2123 plura.
1372 2100 1373 2119 p

217 2143 484 2204 Animadvertere
498 2144 531 2203 in
546 2140 662 2221 primis
678 2158 810 2202 necesse
825 2148 884 2213 est,
896 2141 954 2201 bas
969 2158 1078 2205 voces:
1092 2142 1261 2218 distinctio,

175 2238 357 2321 differentia,
385 2240 559 2315 diuersitas,
592 2241 778 2319 promiscue
809 2253 843 2301 ut
873 2240 1054 2319 plurimum
1085 2242 1261 2322 usurpari:
1372 2222 1373 2271 ³

175 2338 396 2400 nihilominus
408 2337 436 2399 si
453 2337 597 2418 pressius
610 2337 825 2417 accipiantur,
837 2337 1021 2400 differentia
1032 2338 1160 2419 aliquid
1172 2340 1266 2402 addit

176 2454 275 2516 supra
297 2436 565 2509 distinctionem,
590 2442 622 2497 et
649 2434 818 2498 diversitas
841 2453 939 2515 supra
962 2435 1203 2513 differentiam,
1228 2446 1266 2500 ut

177 2536 278 2600 ruodo
293 2534 522 2614 explicabitur.
856 2614 858 2620 Ι
1372 2585 1373 2606 ι

219 2634 291 2696 225.
315 2632 489 2695 Distinctio
515 2632 616 2711 igitur
643 2639 748 2711 potest
769 2630 819 2693 vel
846 2629 994 2694 absolute
1011 2633 1089 2707 dici,
1112 2634 1162 2697 vel
1189 2652 1265 2697 cum
1325 2665 1337 2682 ν
1372 2621 1373 2682 i

178 2731 302 2793 addito.
330 2730 504 2793 Distinctio
526 2729 674 2793 absolute
696 2730 783 2791 dicta
806 2730 986 2810 opponitur
1008 2732 1123 2794 unitati
1148 2732 1210 2811 (98)
1233 2742 1267 2796 ct
1294 2767 1297 2772 ·
1372 2757 1373 2776 ι

177 2819 340 2892 identitati
354 2830 468 2909 logicae
484 2828 585 2907 l2l6);
599 2838 713 2908 estque
726 2829 853 2908 negotio
870 2845 939 2891 esse
951 2831 1157 2905 relativiseu·
1170 2849 1266 2913 nepo·
1372 2821 1373 2906 l

177 2930 221 2992 tio
235 2928 329 2989 unius
340 2935 475 3007 respectu
485 2927 621 3000 alterius,
631 2926 664 2987 in
674 2945 713 2988 eo
726 2927 921 3010 simpliciter
934 2929 1052 3008 posita,
1063 2930 1151 3010 quod
1162 2947 1266 2993 unum
1291 2973 1296 2976 -
1372 2913 1373 2982 ἶ

180 3043 247 3088 non
263 3026 306 3087 sit
320 3024 422 3087 aliud.
440 3025 513 3087 llaec
529 3023 701 3104 proprium
718 3024 781 3084 sibl
799 3024 875 3085 lecit
890 3024 1113 3089 distinctionis
1130 3045 1265 3103 nomeu,
1372 3059 1373 3066 ι

179 3124 228 3186 vel
246 3125 342 3185 etiam
358 3123 542 3203 appellatur
552 3123 706 3185 distinctio
721 3122 888 3185 numerica.

221 3223 304 3284 Hinc
326 3221 476 3299 colliges,
501 3220 747 3281 distinctionem
780 3221 862 3281 banc
885 3220 1032 3282 absolute
1054 3221 1175 3284 dictam
1199 3242 1268 3288 non

179 3320 311 3381 differre
327 3319 520 3381 adivisioue
536 3336 608 3397 quae
624 3317 871 3379 multitudinem
887 3319 1137 3399 constituitl98).
1148 3321 1268 3385 Notan·
1372 3355 1373 3360 ι

98 3447 100 3449 v
180 3421 259 3481 dum
274 3428 393 3491 tamen,
410 3416 607 3480 divisionem
624 3415 801 3496 dupliciter
817 3425 847 3477 et
863 3417 966 3497 ipsarn
980 3418 1109 3498 accipi:
1129 3422 1161 3484 1ο
1176 3422 1267 3485 enirn
1372 3459 1373 3462 =

180 3517 366 3598 significare
384 3525 500 3597 potest,
518 3516 607 3595 quod
622 3514 688 3576 duo
704 3516 753 3577 vel
773 3516 867 3595 plura
881 3515 1021 3578 babeant
1036 3535 1107 3580 esse
1122 3519 1266 3597 divisim,

180 3618 224 3679 ita
250 3626 285 3679 ut
300 3631 370 3678 esse
387 3613 485 3676 unius
509 3631 576 3676 nou
592 3614 634 3676 sit
649 3632 719 3675 esse
735 3614 888 3691 alterius;
902 3625 933 3677 et
950 3617 1012 3678 boc
1029 3627 1123 3696 pacto
1148 3620 1269 3685 divisio
1372 3603 1373 3680 l

181 3714 421 3778 coinciditcum
431 3711 642 3774 distinctione
652 3727 661 3770 z
670 3709 896 3789 b⁰signilicare
909 3725 1013 3793 potest
1025 3723 1142 3777 statum
1156 3735 1270 3795 quem·
1372 3703 1373 3750 ⁷

183 3812 256 3872 dam
277 3829 335 3873 seu
356 3811 491 3872 modum
518 3808 648 3871 essendi
678 3809 821 3873 duorum
844 3811 890 3873 vel
915 3811 1082 3892 plurium,
1108 3827 1270 3894 quatenus
1372 3787 1373 3854 i

209 3939 728 3999 (tila1bist.xxxtll.q.t.a.l.art.2.
1027 3911 1030 3918 ’
1372 3905 1373 3916 ’
