2792 4600
459 404 546 452 LIBER
567 408 728 468 SECUNDUS,
751 409 843 458 chnut
864 413 897 459 ll.

558 571 722 620 tntlcutos
743 574 789 620 111.

501 685 694 765 Refelluntsr
719 689 845 772 objecto.

172 816 247 881 269.
274 816 475 897 subjicimus
501 808 692 899 argumenta
719 822 895 904 praecipua,
924 825 1044 905 quihus
1071 845 1217 891 errorem

129 916 222 979 hunc
247 925 370 979 vetares
400 918 590 999 philosophi
628 920 766 983 suadere
801 921 1016 986 conabantur.
1050 925 1218 1008 Praecipua

130 1014 201 1077 dixi
216 1031 224 1077 ε
243 1032 319 1077 nam
334 1016 484 1095 quaedam
498 1036 536 1079 ex
553 1016 605 1080 his
621 1027 721 1081 totam
736 1019 801 1082 vim
821 1039 916 1104 suam,
929 1022 1165 1085 nanciscuntur
1179 1042 1219 1087 ex

130 1112 212 1175 falsa
227 1113 283 1176 illa
311 1114 539 1196 suppositione
553 1133 561 1179 :
579 1117 704 1180 nullam
731 1136 800 1180 rem
823 1138 862 1181 ex
878 1119 986 1183 nihilo
1012 1119 1083 1183 lieri
1099 1139 1217 1200 posse;

131 1212 236 1275 multa
250 1221 406 1293 praeterea
424 1211 595 1276 solvuntur
617 1216 736 1290 iisdem
754 1216 928 1299 principiis
943 1236 951 1295 ;
969 1217 1064 1299 plura
1087 1218 1218 1282 tandem

130 1312 345 1374 memoranda
360 1312 503 1393 amplius
516 1331 582 1375 non
595 1324 681 1388 sunt,
696 1327 731 1377 ut
743 1335 815 1396 quae
828 1317 861 1378 in
878 1318 1034 1381 obsoletis
1047 1319 1134 1381 circa
1146 1338 1218 1385 cor·

131 1428 250 1493 porum
264 1412 534 1475 constitutionem
546 1413 780 1477 doctrinistota
792 1415 998 1494 innituntnr;
1012 1435 1084 1497 quae
1097 1426 1218 1495 tamen,

109 1510 1219 1592 ,etiamhisreceptisdoctrinis‚adoctoribnsscholasticisiunditus

130 1619 343 1673 eversasunt.

175 1708 246 1773 ato.
264 1708 347 1790 Opp.
369 1708 398 1773 l.
426 1711 511 1773 Deus
539 1717 587 1772 est
615 1717 756 1772 aternus
776 1728 784 1775 ε
802 1728 880 1791 ergo
902 1710 1057 1787 mundus,
1086 1730 1219 1794 quoque

131 1816 274 1871 aeternns
289 1808 330 1871 sit
346 1816 485 1888 oportet.
502 1808 583 1870 Nam

175 1907 208 1968 1⁰
222 1904 315 1970 Actio
342 1907 397 1968 liei
415 1914 464 1969 est
478 1916 608 1970 aeterna.
630 1905 716 1985 Ergo
739 1907 894 1982 mundus,
911 1906 968 1986 qui
985 1922 1033 1969 est
1047 1908 1117 1986 ejus
1142 1908 1219 1971 etis·

131 2013 217 2081 ctus,
234 2013 282 2066 est
303 2012 455 2068 aeternus.

176 2107 208 2164 2⁰
224 2104 332 2167 Posita
357 2121 453 2166 cansa
473 2102 666 2176 sufficiente,
691 2101 717 2162 si
735 2119 771 2163 ea
795 2100 936 2182 perlecta
955 2102 1009 2179 sit,
1026 2119 1157 2166 necesse
1172 2112 1221 2167 est

133 2202 213 2283 poni
231 2202 392 2266 effectum.
410 2202 472 2266 Sed
497 2203 580 2264 licus
596 2209 645 2261 est
660 2216 756 2261 causa
778 2198 941 2262 sufficiens
971 2201 1100 2277 muudi,
1117 2220 1220 2284 eaque

134 2302 387 2384 perfectissima.
401 2301 486 2383 lquo
495 2301 599 2382 posita
614 2299 922 2376 sternumentum,
937 2301 1220 2384 mundusquoque

136 2408 354 2485 mtepnusest.

178 2498 251 2561 nit.
270 2497 368 2579 Resp.
383 2496 460 2580 Ncq.
478 2497 576 2578 primi
599 2497 782 2576 argumenti
796 2496 1049 2577 consequentiam.

178 2597 225 2657 Ad
242 2598 280 2660 lnn
298 2596 391 2662 Cone.
405 2607 471 2660 ant.
489 2605 602 2678 etseq.
619 2613 703 2657 coca.
720 2593 777 2658 liei
793 2592 881 2654 enim
894 2593 979 2655 actio
991 2611 1057 2658 non
1070 2605 1118 2657 est
1133 2604 1221 2660 tran·

134 2694 237 2769 siens,
249 2696 305 2757 sed
320 2697 599 2770 immanens,cunr
614 2694 696 2756 licus
708 2692 780 2755 solo
792 2710 857 2753 suae
869 2692 1134 2756 uoluntatisnutu
1146 2714 1223 2777 opo·

136 2801 240 2857 retur.
256 2792 397 2857 Effectus
437 2811 513 2859 orro
525 2793 594 2874 ejus
610 2792 666 2873 qui
685 2809 742 2872 per
764 2791 960 2854 voluntatem
981 2792 1057 2871 agit,
1075 2793 1222 2873 sequitur

133 2895 318 2958 secundum
334 2814 518 2957 ineffectus
534 2890 842 2956 determinationem
865 2888 1034 2969 ipsiusque
1049 2891 1223 2954 voluntatis

134 2994 327 3075 imperium.
348 2993 534 3056 intellectus
556 2999 663 3052 autem
680 2986 958 3069 quemadmodum
981 2986 1112 3048 effectus
1129 2999 1223 3052 natu-

136 3109 210 3154 ram
234 3109 271 3155 ac
293 3091 427 3155 modum
447 3105 579 3151 omnem
595 3085 802 3157 determinat,
824 3082 868 3144 ita
884 3084 916 3144 et'
929 3091 1056 3163 tempus
1072 3101 1136 3164 quo
1152 3085 1224 3148 lieri
1323 3116 1328 3125 ·

136 3190 266 3267 debeat,
286 3188 437 3270 praefinit,
456 3188 638 3266 eodemque
654 3193 748 3264 pacto
764 3167 913 3243 voluntas
929 3192 1104 3263 utrumque
1119 3184 1223 3266 impe.

135 3299 197 3354 rat.
215 3289 250 3352 Si
266 3290 366 3370 igitur
381 3287 565 3349 intellectus
578 3283 708 3347 divinus
721 3281 885 3360 disposuit
897 3280 1055 3342 mundum
1069 3281 1139 3344 lieri
1158 3302 1223 3348 non

11 3449 23 3475 ,
131 3403 307 3462 aeternum,
323 3395 353 3450 et
369 3389 430 3450 hoo
447 3385 596 3448 voluntas
612 3380 796 3462 imperavit,
810 3379 887 3441 licet
903 3380 958 3440 hic
972 3389 1062 3441 actus
1078 3380 1120 3442 sit
1132 3393 1223 3445 aeter-

134 3506 212 3562 nus,
229 3472 373 3548 mundus
385 3493 523 3546 aeternus
536 3500 602 3545 non
615 3481 689 3557 erit,
703 3478 759 3542 sed
774 3478 971 3559 praefinitum
983 3496 1000 3539 a
1012 3477 1078 3542 ileo
1091 3480 1223 3546 initium

139 3585 286 3649 habehit.
486 3598 488 3601 ·

180 3687 254 3749 ain.
271 3683 319 3746 Ad
335 3683 376 3744 Ψ
391 3682 471 3745 llist.
488 3680 564 3762 maj.
581 3679 615 3741 Si
631 3696 727 3740 causa
741 3685 815 3757 agat
829 3695 872 3736 ex·
883 3676 1072 3739 necessitate
1088 3686 1223 3759 naturae,

134 3805 224 3849 conc.
235 3808 246 3859 ,·
258 3784 285 3845 si
300 3795 370 3862 agat
383 3799 441 3862 per
458 3779 568 3842 liberae
581 3777 757 3841 voluntatis
770 3775 959 3856 imperinm,
972 3777 1057 3838 subd.
1065 3799 1077 3851 ,·
1091 3779 1225 3857 ponitur

137 3886 273 3948 effectus
300 3882 480 3944 secundum
503 3879 707 3960 propositum
731 3877 834 3955 ipsius
851 3875 1036 3950 voluntatis,
1053 3891 1157 3951 couc.‚·
1175 3897 1225 3939 se.

134 3983 286 4046 cundum
303 3980 390 4061 quod
409 3981 478 4060 ipsa
492 3989 550 4040 est.
569 3977 719 4038 videlicet
736 3974 840 4054 posita
857 3974 926 4052 ipsa
941 3973 1117 4049 voluntate,
1134 3995 1222 4056 nepo,

182 4080 328 4145 Contrcd.
353 4080 430 4140 min.
450 4076 532 4142 oeus
550 4087 597 4138 est
611 4093 706 4137 causa
729 4072 893 4136 sufficiens
910 4070 1037 4145 mundi,
1054 4088 1151 4150 agens
1168 4093 1226 4153 per
