2792 4600
243 327 304 390 tol
689 343 880 399 cosuouocm.

218 519 220 522 .
242 469 343 535 ratur,
360 462 459 532 vitam
484 461 621 542 recipiat
635 472 667 523 et.
682 460 800 534 visum,
815 460 871 524 sed
899 478 963 524 ηοη
990 461 1078 541 quod
1105 460 1225 522 animal
1241 478 1321 526 mor·
1374 517 1375 524 ,

241 569 333 621 tuum
360 558 456 620 vitam
486 560 631 640 recipiat,
660 560 706 621 rel
732 559 821 640 quod
848 567 922 640 post
949 558 1196 642 cecitatemad
1226 560 1322 624 visum
1374 555 1375 644 ¹

244 658 366 721 redeat.
1374 649 1375 668 ¹

225 763 229 770 “
283 758 317 820 3⁰
331 756 403 819 Alia
419 757 578 820 excedunt
603 764 727 819 uaturae
739 757 823 818 vires
839 765 997 837 quantum
1011 755 1052 818 ad
1066 757 1191 818 modum
1205 764 1237 818 et
1250 757 1324 819 ordi·

242 874 310 917 nem
325 854 475 932 sociendi3
489 865 630 937 suntque
641 874 678 917 ea
694 874 767 935 quae
783 855 864 918 tium
877 873 895 918 a
908 862 1020 919 natura
1032 866 1064 917 et
1077 855 1157 917 liunt
1171 854 1203 917 iu
1216 855 1323 917 eodem
1374 875 1375 920 3

243 955 390 1037 subjecto
407 957 441 1017 in
457 975 524 1037 quo
538 957 573 1018 lit
595 956 802 1028 miraculum,
819 954 875 1016 sed
902 973 920 1017 a
942 961 1055 1016 natura
1081 952 1163 1016 liunt
1190 970 1247 1032 per
1261 971 1324 1017 cer·

244 1065 291 1116 tas
304 1055 459 1134 quasdam
475 1064 634 1118 caucasei
651 1061 739 1116 certo
765 1053 909 1132 quodam
933 1069 1100 1132 processu,
1118 1069 1177 1132 per
1192 1050 1324 1114 miracu·
1374 1109 1375 1132 ,

244 1154 314 1215 lum
329 1172 404 1216 vero
420 1155 491 1216 sine
507 1153 578 1230 his;
595 1161 628 1215 ul
644 1170 747 1233 quum
773 1152 895 1233 aliquis
922 1152 1030 1214 subito
1055 1159 1220 1213 sanatura
1236 1149 1327 1225 febri,¹
1374 1135 1375 1220 ¹

245 1253 315 1315 sine
327 1253 493 1316 curatione
504 1263 536 1315 et
547 1253 618 1315 sine
633 1250 801 1327 remediis,
818 1270 892 1330 quae
908 1260 1022 1313 natura
1037 1249 1189 1329 requirit.
1374 1241 1375 1334 l

288 1353 362 1414 llaec
383 1360 430 1413 est
453 1352 687 1414 miraculorum
715 1349 846 1425 divisio,
864 1367 962 1430 quam
979 1368 1005 1412 s.
1021 1347 1162 1410 Thomas
1179 1347 1325 1428 proponit
1374 1351 1375 1374 ³

247 1450 281 1510 in
295 1446 423 1511 Summo
439 1451 607 1530 theolopicu
618 1452 677 1526 (r).
670 1464 677 1479 ·
695 1466 733 1510 ex
759 1466 824 1528 que
850 1449 948 1511 etiam
965 1447 1199 1509 miraculorum
1215 1444 1324 1524 gradus
1374 1447 1375 1452 ’

248 1548 473 1609 desumuntur.
1374 1543 1375 1618 j

286 1645 359 1708 458.
384 1647 502 1707 Parum
515 1644 555 1705 ab
569 1645 630 1707 hac
642 1605 752 1706 differt
767 1643 898 1717 divisio,
916 1660 1013 1723 quam
1031 1641 1118 1703 idem
1134 1638 1215 1702 alibi
1230 1638 1322 1719 Aqui·

246 1764 302 1810 nas
328 1744 437 1814 tradit
462 1742 697 1812 miraculorum
726 1761 822 1824 supro
849 1750 1008 1817 uotorum,
1037 1749 1144 1802 contra
1172 1745 1324 1813 naturum,

247 1852 355 1925 proter
369 1852 519 1905 naturum
530 1845 580 1919 (η)

289 1943 322 2004 l⁰
344 1941 610 2023 Suproooturam
632 1942 799 2017 dicuntur,
814 1958 916 2022 quum
945 1939 1094 2002 ellectum
1111 1938 1220 2012 illum,
1237 1954 1324 2014 quem
1374 1933 1375 2012 l

248 2042 332 2104 [teus
358 2040 445 2114 lacit,
460 2041 682 2104 naturauullo
706 2041 804 2103 modo
829 2040 934 2102 lacere
961 2047 1076 2118 potest,
1093 2045 1253 2116 quatenus
1268 2013 1375 2097 for-¹
1374 2099 1375 2122 ,

246 2158 333 2204 mam
350 2158 408 2220 per
424 2131 620 2202 miraculum
636 2139 801 2203 inductam
815 2148 930 2201 natura
946 2137 994 2201 vel
1011 2153 1180 2217 nunquam
1197 2132 1322 2207 inducit,
1374 2205 1375 2210 ἵ

246 2234 296 2303 rel
309 2256 374 2303 nou
389 2239 423 2302 iu
436 2239 597 2318 eiusmodi
612 2238 792 2303 materiam.
808 2214 1002 2318 Huiusmodi
1016 2245 1091 2301 suut
1103 2233 1251 2314 corporis
1262 2217 1375 2313 glo·¹
1374 2271 1375 2299 l

247 2337 398 2411 rilicatio,
416 2348 446 2399 et
463 2338 584 2400 mortui
601 2338 809 2400 resurrectio.
1374 2324 1375 2353 ¹

275 2439 321 2499 2⁰
343 2438 460 2504 Contra
473 2445 632 2511 naturum,
650 2435 817 2516 quando
809 2452 842 2496 m
869 2443 981 2498 natura
1001 2445 1049 2496 ost
1064 2430 1239 2512 dispositio
1254 2445 1325 2491 cou·

249 2538 345 2598 traria
358 2533 499 2607 effectui,
512 2552 611 2614 quem
625 2533 710 2596 Deus
723 2541 888 2613 operatur,
903 2550 1009 2612 neque
1023 2531 1102 2593 huic
1114 2528 1253 2592 naturali
1267 2508 1375 2588 dis-¹
1374 2558 1375 2605 ς

203 2702 206 2707 ,
248 2635 403 2716 posrtrom
421 2634 568 2696 naturale
595 2633 866 2712 impedimentum
892 2622 1092 2711 oppositum
1099 2639 1162 2704 est
1179 2638 1215 2691 ut
1231 2642 1325 2707 quum
1374 2638 1375 2673 1

246 2744 312 2795 tres
334 2732 426 2812 pueri
450 2731 484 2792 iu
506 2730 636 2793 camino
659 2730 744 2809 iguis
771 2747 837 2792 uon
859 2739 935 2792 suut
962 2728 1137 2804 combusti,
1153 2716 1203 2789 vel
1230 2741 1325 2806 quum
1374 2756 1375 2759 π

247 2844 339 2912 aquae
349 2830 501 2893 iordanis
516 2838 685 2892 steterunt.
1374 2842 1375 2851 ¹

288 2929 321 2991 5⁰
341 2928 456 2991 Proetcr
480 2937 639 3002 uotorum,
657 2946 759 3006 quum
784 2929 866 2991 lleus
887 2926 1039 3006 producit
1054 2925 1217 2999 effectum,
1235 2939 1326 3004 quem

224 3074 226 3077 .
247 3039 359 3089 natura
378 3028 558 3105 producere
575 3035 690 3105 potest,
709 3026 843 3088 sednon
860 3044 898 3088 eo
914 3024 1014 3087 modo
1029 3042 1095 3104 quo
1111 3042 1129 3084 a
1145 3023 1213 3085 Deo
1227 3021 1279 3098 tit;
1295 3028 1325 3083 ut
1365 3040 1367 3045 ’

245 3136 292 3189 est
308 3127 510 3187 instantauea
527 3126 664 3187 curatio.
695 3206 697 3211 .
739 3184 741 3187 ,

686 3272 850 3317 narremus
872 3271 905 3317 11.

508 3388 548 3450 Dr
570 3407 664 3450 causo
685 3389 904 3451 miraculorum
925 3389 1078 3470 efficiente.

285 3521 359 3585 459.
385 3520 558 3583 Paorosmo
574 3519 619 3582 ll.¹
630 3517 722 3582 Solus
745 3520 824 3582 llrur
838 3521 991 3583 miracula
1004 3519 1126 3601 proprie
1139 3520 1222 3580 dicto
1235 3515 1327 3595 sacrm

242 3629 351 3702 potest.
1374 3614 1375 3619 ’

288 3718 333 3781 lta
349 3719 436 3780 clare
451 3736 488 3779 ac
502 3716 642 3779 breviter
658 3717 815 3797 probatur
829 3738 867 3780 ex
883 3737 908 3782 s.
925 3718 1070 3782 Thoma:

289 3819 321 3880 1⁰
339 3838 353 3873 r
371 3815 462 3889 Quod
477 3824 524 3876 est
539 3815 600 3877 suh
616 3813 733 3877 ordine
750 3816 891 3879 totaliter
905 3817 1130 3892 coustitutum,
1143 3832 1210 3877 nou
1230 3820 1327 3894 potest

274 3963 307 4015 tl)
323 3963 349 4008 P
359 3962 419 4016 1πο
428 3962 475 4008 CV
486 3969 531 4007 art.
542 3961 605 4009 vlll.
618 3961 733 4008 llamdetu
745 3960 799 4008 aliis
815 3962 892 4009 verbis
904 3961 1072 4009 traditinlll.
1083 3961 1247 4019 Gontrupcm.
1259 3972 1280 4007 c.
1291 3959 1327 4007 dl.
1374 3990 1375 3995 =

275 4020 305 4073 (2)
321 4020 355 4064 De
370 4020 422 4065 Pot.
432 4032 457 4078 q.
469 4020 510 4077 Vl,
519 4026 565 4065 art.
576 4018 600 4066 11
612 4019 641 4064 ad
652 4021 677 4065 3.
