2792 4600
155 352 164 365 ·
214 332 275 397 362
649 350 838 396 cosuonoon.

175 456 179 460 ’
214 462 344 543 concipi
363 472 510 544 possunt,
536 461 601 524 Nec
617 463 739 525 mirum
760 481 829 525 esse
852 461 960 537 dehet,
985 461 1294 530 mensurabilitatcm

213 563 260 625 rei
277 562 429 644 possibili
446 563 622 625 convenire
637 580 646 638 ;
663 560 929 623 mensurabilitas
941 560 1029 638 enim
1044 560 1130 623 nihil
1143 562 1229 625 aliud
1242 564 1293 627 de·

213 661 315 743 nique
330 671 389 735 est,
404 660 467 723 nisi
484 659 634 740 quaedam
648 659 901 739 intelligibilitas
917 659 1015 722 unius
1031 660 1077 723 rei
1096 678 1153 741 per
1168 677 1294 745 compa·

213 760 374 822 rationem
389 760 429 821 ad
447 777 518 821 rem
534 759 644 823 aliam.
996 835 999 841 Δ

256 859 302 921 hd
319 861 360 924 2¹²¹
381 858 486 922 Cenat.
503 859 579 941 maj.
589 882 600 932 ‚·
614 858 685 922 dist.
716 852 794 922 min.
812 857 1000 921 Absurdum
1017 866 1065 921 est
1079 859 1158 922 *haeo
1173 858 1242 924 fieri
1265 861 1296 924 in

216 958 325 1023 nihilo
341 978 349 1035 ;
366 978 486 1039 nempe
506 977 581 1021 cum
599 958 690 1040 prius
714 958 799 1020 ultra
813 957 928 1021 mundi
949 975 1022 1021 oras
1042 966 1126 1020 esset
1144 957 1296 1037 nihilum,

213 1075 306 1140 nepo·
330 1060 399 1121 haec
421 1057 492 1122 lieri
518 1057 554 1119 in
578 1057 686 1120 nihilo
717 1067 873 1139 tanquam
897 1057 930 1120 in
953 1058 1170 1139 receptaculo,
1202 1067 1296 1124 trans.

214 1158 362 1239 Itemque
377 1158 557 1221 absurdum
573 1168 621 1219 est
636 1156 707 1220 hac
734 1157 858 1220 tieriin
885 1157 958 1220 idea
973 1158 1114 1219 abstaeta
1132 1157 1299 1234 ;vidclicet

215 1274 289 1317 curn
307 1255 399 1336 prius
421 1256 505 1318 ultra
520 1254 636 1317 mundi
653 1272 726 1318 oras
743 1262 811 1318 erat
825 1254 933 1317 solum
957 1254 1111 1334 possibile
1126 1254 1218 1317 aliud
1231 1273 1299 1319 eor·

215 1372 288 1436 pus,
312 1354 401 1434 quod
422 1353 547 1416 caeteris
572 1341 768 1433 corporibus
792 1354 867 1443 jam
877 1353 1091 1416 existentibus
1116 1352 1298 1429 adderetur,

214 1470 304 1533 nepo;
319 1452 500 1514 absurdum
516 1461 563 1514 est
580 1452 649 1513 haec
671 1451 741 1514 ficri
759 1451 793 1513 in
810 1451 883 1513 idea
899 1451 1070 1528 abstracta,
1097 1459 1253 1533 tanquam
1268 1454 1299 1517 in

215 1551 395 1631 recipiente
411 1550 546 1632 physico
562 1551 725 1633 corporis,
739 1567 824 1613 conc.
877 1581 881 1590 .
962 1539 965 1548 ’
1116 1552 1117 1555 ’

258 1648 355 1713 ’559.
373 1648 513 1729 colliges
540 1649 574 1710 5⁰
590 1667 628 1711 ex
647 1647 744 1711 dictis
769 1666 830 1710 nec
851 1648 947 1728 spatii
974 1654 1180 1730 conceptum,
1198 1666 1299 1731 neque

216 1748 297 1811 adeo
315 1749 518 1829 phantasma,
543 1766 613 1811 esse
638 1747 777 1811 sormam
805 1747 1015 1828 subjectivum
1040 1748 1202 1811 facultatis
1231 1767 1298 1814 sen·

217 1846 332 1909 tioudi.
363 1845 435 1909 Non
465 1855 684 1927 conceptum:
714 1845 822 1927 primo
849 1846 995 1927 quidem,
1024 1846 1102 1928 quia
1127 1856 1299 1929 conceptus

217 1945 378 2023 eiusmodi
395 1944 429 2006 in
446 1945 517 2009 solo
535 1945 702 2008 intellectu
719 1964 788 2009 esse
815 1954 942 2026 potest;
964 1946 1053 2009 solus
1069 1945 1159 2010 euim
1175 1945 1299 2010 intelle·

148 2061 150 2063 ·
216 2052 287 2106 etus
314 2043 522 2124 possibilitati
557 2044 778 2126 percipiendae
802 2063 859 2125 par
882 2054 950 2110 est:
978 2032 1099 2109 deinde
1124 2062 1202 2108 vero
1229 2043 1301 2126 quia

217 2142 416 2222 possibilitas
432 2140 485 2204 est'
501 2143 627 2223 aliquid
644 2161 661 2205 a
680 2143 827 2225 subjecto
851 2143 1088 2226 independens.
1108 2144 1180 2209 Non
1198 2144 1300 2225 phan-

216 2253 335 2318 tasma;
352 2241 430 2323 quia
440 2242 632 2324 phantasma
644 2243 708 2307 hoc
723 2242 933 2325 experientia,
947 2253 982 2308 ut
994 2243 1061 2306 dixi
1075 2241 1169 2324 (am),
1183 2260 1301 2325 suppe-

216 2341 309 2403 ditat.
771 2343 775 2350 '
946 2366 948 2369 ·

257 2440 267 2462 *
289 2438 362 2502 540.
375 2436 496 2520 Ohjicit
510 2439 605 2502 liant.
623 2439 654 2501 1ο
669 2438 709 2504 Ut
726 2440 952 2524 possimmeas
967 2440 1169 2504 sensationes
1181 2439 1302 2504 referre

214 2535 255 2598 ad
280 2536 406 2618 aliquid
432 2545 521 2598 extra
536 2554 588 2598 me
604 2536 760 2618 positum,
778 2555 943 2619 unamque
958 2556 1027 2602 rem
1054 2548 1142 2602 extra
1169 2538 1304 2602 alteram

216 2635 298 2697 mihi
316 2644 561 2716 representare,
578 2653 713 2699 necesse
726 2646 774 2699 est
789 2655 840 2699 me
853 2639 920 2717 jam
936 2637 1058 2701 hahere
1071 2637 1168 2720 spatii
1185 2655 1305 2719 reprae·

216 2733 445 2796 sentationem.
468 2732 541 2795 Non
564 2750 642 2813 ergo
660 2734 728 2797 haec
754 2732 794 2796 ab
810 2735 1011 2816 experientia
1034 2736 1221 2811 deducitur,
1250 2734 1304 2800 sed

217 2832 326 2912 potius
341 2832 577 2913 experientiam
595 2832 787 2913 possibilem
805 2833 892 2897 lacit.

257 2929 290 2990 2⁰
301 2930 449 3012 Spatium
465 2940 512 2992 est
528 2949 632 2994 unum
648 2941 678 2994 et
694 2932 891 2997 indivisum:
910 2933 1105 3027 diversaque
1118 2934 1223 3014 spatia
1236 2951 1306 3014 par·

214 3027 363 3090 ticularia
394 3029 518 3109 percipi
547 3039 726 3109 nequeunt,
745 3030 808 3092 nisi
828 3022 969 3112 spatium
992 3033 1091 3096 totale
1116 3032 1301 3097 limitando.

249 3127 283 3188 5⁰
308 3127 445 3189 Possum
461 3128 597 3208 quidem
613 3131 788 3209 concipere
804 3130 946 3211 spatium
961 3132 1033 3194 sine
1049 3133 1118 3197 ullo
1144 3150 1299 3214 corpore,

214 3225 270 3288 sed
284 3242 403 3305 corpus
415 3227 486 3287 sine
500 3227 606 3304 spatio
618 3241 757 3307 nequeo.
1367 3282 1368 3307 ἶ

256 3321 290 3383 4⁰
318 3321 486 3386 inlinitum
513 3331 561 3384 est
590 3325 757 3403 spatium:
782 3327 851 3406 eJus
867 3325 967 3406 igitur
996 3327 1242 3409 repraesentatio
1264 3329 1302 3390 ab

215 3420 383 3500 empiricis
420 3438 595 3502 corporum
621 3425 967 3504 representationihus
995 3427 1158 3508 originem
1183 3426 1303 3490 hahere
1367 3412 1368 3497 Ϊ

215 3519 343 3599 nequit.

255 3616 269 3643 *
290 3617 364 3681 all.
395 3616 493 3699 Resp.
522 3618 561 3680 ad
575 3620 615 3682 1³¹
630 3619 713 3699 Nepa
728 3628 794 3683 ont.
820 3638 1014 3701 consequens.
1044 3622 1173 3686 Falsum
1200 3623 1301 3695 enim,

214 3718 535 3798 repraesentationem
550 3720 647 3800 spatii
660 3737 731 3782 asse
756 3721 981 3783 conditionem
999 3721 1161 3802 praeviam,
1182 3721 1222 3784 ad
1242 3724 1304 3785 hoc
1367 3742 1368 3801 l

215 3826 250 3877 ut
262 3816 385 3896 possim
398 3833 449 3878 ras
465 3824 552 3878 extra
567 3833 619 3889 me
635 3816 757 3896 positas
782 3819 963 3900 percipere.
981 3821 1049 3911 Hpc
1063 3821 1137 3901 ipso
1160 3836 1304 3901 namquo
1367 3804 1368 3891 i

214 3915 303 3995 quod
327 3933 378 3978 res
393 3923 483 3977 extra
498 3933 550 3977 me
567 3916 688 3996 positas
717 3916 877 3997 percipio,
894 3919 1037 3999 spatium
1065 3919 1224 4000 percipio.
1238 3918 1305 3982 Cur
1367 3924 1368 3973 l

214 4022 322 4075 autern
335 4013 484 4094 percipio
498 4031 550 4076 res
564 4023 653 4077 extra
669 4033 721 4078 me
734 4016 876 4096 positas?
886 4015 1011 4099 Nempe
1027 4018 1105 4100 quia
1120 4017 1227 4082 sentio
1240 4016 1303 4078 im·
1367 4000 1369 4087 ἓ
