2792 4600
629 379 798 427 (intonante.
854 389 865 394 “

615 483 745 579 eaeor
769 516 823 579 nr.

370 660 409 704 on
429 651 658 708 eerracrmmnus
676 663 769 712 Quoto
788 664 931 707 exteranei
951 662 1064 710 aenon·

608 781 774 834 terminos
798 792 819 834 ι.

422 886 463 947 De
484 897 548 948 ente
570 890 737 949 necessario
758 898 786 949 et
806 890 1007 971 continpmti.

210 999 284 1066 068.
309 1000 386 1077 Eos,
404 1003 563 1066 existendi
588 1004 684 1065 modo
707 1014 861 1082 spectato,
885 1008 982 1068 estin
1005 1026 1039 1068 se
1058 993 1260 1073 neceesarium

169 1101 219 1161 vei
242 1102 437 1182 nemimem,-
460 1100 644 1172 duratione,
665 1112 812 1163 eternum
833 1105 880 1166 vei
897 1113 1141 1185 temporaneum,⁸
1165 1110 1259 1172 dura·

170 1197 271 1260 tionis
288 1199 427 1272 ratione,
443 1197 632 1259 immutabile
648 1199 696 1260 vel
713 1200 867 1262 mutabile.

211 1296 256 1358 De
272 1288 454 1357 necessario
469 1305 500 1356 et
515 1296 717 1374 contingenti
740 1298 864 1375 pluries
878 1299 945 1377 jam
962 1300 996 1360 in
1012 1300 1165 1381 13813310.
1184 1303 1255 1380 186,

73 1395 75 1400 ’
168 1394 230 1463 toa
243 1405 273 1458 et
288 1395 378 1476 aiibi)
395 1395 653 1458 inciditmentio.
666 1397 889 1458 Necessarium
906 1408 953 1460 est
966 1399 1000 1460 ia
1013 1404 1193 1482 omneqeeod
1203 1415 1258 1478 eet,

159 1504 198 1584 xet
212 1514 275 1555 nen
290 1502 385 1573 petest
398 1512 531 1555 aenaeae
544 1518 553 1555 .·
570 1493 775 1572 contingens,
791 1495 871 1575 quod
881 1504 979 1576 potest
993 1515 1053 1559 ease
1067 1509 1094 1560 et
1107 1518 1172 1562 333
1187 1521 1257 1566 esee.

212 1591 258 1653 Ex
274 1592 370 1654 dictis
388 1592 508 1672 [rariter
525 1592 558 1652 in
585 1592 686 1670 logica
712 1594 758 1668 (L.
774 1592 924 1672 408408)
942 1594 1156 1659 deduces‘eeae
1171 1598 1259 1660 ebro·

171 1691 232 1753 tete
246 1690 448 1753 neceesarium
463 1689 495 1749 id
512 1689 605 1770 cujus
621 1691 822 1769 oppositum,
838 1691 910 1752 sine
926 1691 991 1753 ulla
1008 1694 1130 1772 adjecta
1142 1698 1259 1758 comti-

170 1790 273 1864 tione,
292 1791 441 1849 terminis
461 1797 586 1849 constat
602 1787 865 1849 contradictoriis
880 1805 888 1863 ;
911 1790 1096 1869 hypothetice
1112 1809 1260 1855 necessa·

172 1886 259 1947 rium
276 1887 307 1947 id
321 1905 358 1947 ex
371 1887 462 1965 cujus
474 1886 626 1966 opposito
641 1886 750 1965 prodit
767 1886 995 1961 contradictio,
1011 1888 1037 1949 si
1052 1899 1137 1956 certa
1150 1892 1261 1972 aliqua

172 1993 312 2065 ponatur
327 1986 482 2046 conditio.
508 1982 551 2045 Er
568 2002 633 2064 quo
649 1984 795 2063 colliges,
821 1985 854 2044 id
871 1985 959 2065 quod
985 1986 1191 2066 hypothetice
1206 2008 1260 2053 so-

173 2085 343 2147 iummodo
359 2083 578 2146 necessarium
592 2094 647 2155 est,
665 2085 698 2143 in
715 2103 749 2144 se
764 2084 957 2164 contingens
970 2104 1050 2148 esse.

213 2182 285 2246 569.
310 2185 405 2245 Hisce
421 2184 534 2264 positis
557 2183 759 2258 notionibus,
778 2183 873 2246 facile
889 2193 1074 2248 statuuntur
1090 2189 1260 2268 sequentia
1343 2181 1355 2196 '

171 2282 384 2345 theoremata.

213 2380 392 2443 Pnoeosrno
414 2381 438 2442 1.
469 2379 557 2455 Quod
583 2380 716 2442 absolute
744 2381 945 2443 necessariam
971 2393 1024 2459 eat,
1052 2403 1106 2446 nec
1132 2386 1259 2450 initiam

171 2479 268 2550 habet,
286 2498 339 2539 nec
352 2480 444 2558 finem
456 2479 564 2540 hebere
575 2486 682 2559 potest.
1010 2479 1013 2483 ’

212 2575 292 2638 Naar
310 2577 341 2638 1⁰
357 2577 382 2637 si
401 2577 495 2639 aiiter
511 2576 605 2648 foret,
620 2577 686 2654 jam
704 2575 769 2636 diei
787 2587 963 2657 oporteret,
981 2578 1051 2659 ejus
1067 2584 1259 2662 oppositum

172 2676 330 2757 possibile
351 2676 528 2756 aliquando
550 2676 663 2749 inisse,
686 2684 742 2737 ant
764 2694 834 2737 esse
856 2677 1035 2757 aliquando
1063 2698 1169 2759 posse.
1193 2684 1258 2747 Sed

170 2777 240 2855 ejus
262 2776 450 2855 oppositum
472 2774 682 2835 intrinsecam
709 2773 850 2835 includit
876 2775 1182 2843 contradictionem.
1200 2781 1257 2842 Di·

169 2875 310 2937 cendum
327 2892 405 2951 ergo
420 2886 514 2946 esset,
531 2872 565 2933 id
582 2874 670 2952 quod
692 2872 841 2934 absolute
857 2872 1063 2953 impossibiie
1079 2878 1259 2955 est„fuisse

169 2974 349 3055 aliquando
384 2972 540 3053 possibile
574 2973 621 3033 vei
655 2972 736 3033 iore.
776 2973 849 3035 Haee
881 2982 989 3034 autem
1022 2976 1120 3055 piane
1156 2996 1257 3060 repu-

168 3085 270 3154 gnant
286 3073 360 3149 (78).
685 3153 687 3156 y

210 3172 243 3232 2⁰
265 3170 357 3242 Quod
373 3169 502 3249 incipit,
521 3167 676 3249 quodque
704 3168 803 3230 finem
820 3168 940 3231 hebere
955 3178 1072 3250 potest,
1089 3172 1258 3257 abaliquo

166 3271 359 3334 conditione
375 3262 536 3349 dependet
552 3277 587 3329 nt
602 3268 644 3328 sit
655 3276 686 3328 et
698 3277 733 3329 ut
748 3286 817 3328 esse
830 3281 952 3348 pergat.
969 3268 1024 3331 Est
1035 3288 1113 3351 ergo
1125 3275 1256 3337 contin·
1280 3328 1282 3333 s

167 3387 258 3451 gens.
275 3366 346 3429 Non
363 3386 440 3447 ergo
455 3367 604 3429 absolute
620 3367 851 3429 necessarium.

210 3469 289 3530 lnde
305 3466 450 3544 colliges,
468 3483 565 3527 omne
591 3465 624 3526 id
644 3465 733 3546 quod
760 3465 978 3529 necessarium
1005 3475 1064 3542 est,
1092 3477 1254 3534 aeternum

165 3585 247 3630 esse.
266 3566 358 3640 Quod
376 3565 465 3625 enim
481 3581 540 3625 nee
555 3565 687 3625 initium
705 3563 874 3625 necflnem
893 3565 997 3638 habet,
1014 3579 1172 3629 aeternnm
1190 3581 1251 3633 est.

209 3665 389 3727 Pnoeoserro
412 3661 451 3725 11.
478 3661 574 3724 Omne
598 3663 631 3723 id
656 3664 737 3742 quod
761 3667 938 3745 3331133333
967 3674 1020 3741 eet,
1046 3666 1254 3728 3331313333-

162 3765 241 3843 quit,
256 3763 318 3823 nisi
333 3762 602 3841 3031133333333
611 3761 814 3840 producatur.

208 3860 262 3923 Est
276 3863 365 3921 enim
380 3859 568 3922 indifferens
582 3859 620 3919 ad
634 3860 852 3920 existendum.
867 3858 905 3922 Ut
917 3877 994 3940 ergo
1006 3860 1131 3935 existat,
1145 3862 1254 3925 deter-

165 3959 346 4022 minatione
361 3966 432 4037 eget
457 3960 657 4018 extrinsecus
682 3972 824 4037 accepte.
852 3959 971 4023 Recole
986 3975 1059 4038 quae
1074 3959 1160 4021 dicta
1175 3971 1255 4023 sunt

162 4055 205 4117 03
221 4056 386 4139 principio
406 4050 776 4132 3333311131101518001.
