2792 4600
153 345 194 407 5ss
606 362 779 410 ourouoen.

151 496 206 540 eas
222 476 430 539 solummodo
460 475 688 555 cognoscimus
720 494 778 556 per
793 485 924 571 externa
949 478 1095 558 quaedam
1117 478 1239 540 indicia

152 579 200 654 (L.
217 575 280 646 51).
528 645 530 650 .

193 673 330 737 truens
357 671 511 744 humana,
537 671 626 750 juxta
656 669 828 752 proprium
855 673 1073 751 cognoscendi
1089 673 1236 746 modum,

151 769 282 849 attingit
298 770 330 831 in
354 768 534 832 individuis
547 788 584 831 ca
600 769 707 831 solum
724 769 844 849 quibus
859 772 998 832 essentia
1014 772 1237 846 constituitur,

152 867 349 948 praeeisione
366 867 446 928 laeta
462 866 593 929 amodo
620 885 717 947 quem
740 867 773 928 in
791 868 930 947 singulis
948 869 1016 931 haee
1031 870 1240 932 constitutiva

151 967 314 1037 obtinent,
333 966 389 1044 qul
404 964 521 1027 modus
538 965 722 1028 differentia
739 977 785 1028 est
799 966 1011 1029 individualis
1028 969 1082 1044 (l⁰‚
1100 968 1135 1030 L.
1152 968 1237 1046 558).

151 1065 237 1128 Hine
253 1063 410 1143 quoniam
429 1062 598 1125 individua
607 1064 825 1143 multaquoad
840 1065 907 1126 haec
922 1064 1130 1127 constitutiva
1142 1066 1239 1146 plane

151 1160 275 1225 similia
291 1171 378 1236 sunt,
406 1161 589 1241 specierum
612 1181 648 1223 ac
663 1180 821 1242 generum
838 1163 990 1225 notiones
1005 1173 1186 1243 emergunt,
1202 1165 1238 1226 iu

152 1260 235 1339 ipsis
261 1260 359 1322 rebus
385 1259 635 1323 fundamentum
663 1262 820 1322 hahentes
835 1263 882 1338 (L.
899 1261 983 1339 559).
1002 1264 1056 1325 Hae
1068 1263 1160 1336 ideae,
1178 1280 1238 1343 pro

133 1358 272 1420 mentis
303 1359 452 1420 humanae
479 1358 627 1431 modulo,
659 1360 850 1439 archetypas
876 1360 997 1422 divinae
1013 1361 1131 1422 mentis
1148 1360 1238 1422 ideas

150 1455 298 1518 relerunt
314 1456 375 1533 (86,
393 1455 437 1529 4⁰,
455 1455 518 1532 85).

588 1588 733 1683 Ι(ιΑΡυΤ
757 1590 794 1652 v.

531 1734 563 1776 DE
583 1734 718 1777 vuulrnrss
738 1735 852 1779 Enrttttt.

588 1893 751 1939 tortuosus
781 1896 804 1940 Ι.

422 2067 424 2072 .
482 1992 565 2084 Quia
586 2008 626 2070 sit
646 2009 759 2071 veritos
780 2009 907 2072 entium.

191 2141 263 2202 llo.
287 2139 461 2201 Veritatem
479 2138 512 2200 in
526 2139 644 2219 Logica
666 2140 711 2215 (L.
725 2140 796 2217 570)
809 2140 1039 2203 definivimus:
1055 2140 1237 2220 odaequmio·

146 2256 218 2301 nem
232 2237 398 2301 intellectus
413 2244 441 2299 ct
454 2237 510 2300 rei.
526 2238 600 2301 Haec
621 2236 771 2302 delinitio
801 2237 1160 2301 nullatenusmutauda
1175 2248 1235 2314 est,

148 2355 253 2418 quum
270 2336 310 2397 de
340 2353 450 2399 rerum
477 2338 612 2398 veritate
641 2336 813 2416 quaeritur.
840 2335 1122 2407 Quemadmodum
1147 2335 1236 2397 enim

149 2436 335 2498 intellectus
350 2436 517 2500 veritatem
532 2434 629 2497 habet
645 2452 703 2514 per
711 2438 987 2516 comparationem
1004 2434 1044 2497 ad
1062 2428 1237 2510 resideres

149 2553 210 2615 per
224 2534 503 2615 comparationem
530 2533 568 2596 ad
581 2533 811 2608 'intellectum
829 2551 904 2595 cum
921 2533 984 2595 hoe
998 2542 1106 2595 tamen
1119 2531 1237 2595 discri-

148 2635 252 2707 mine,
280 2633 368 2713 quod
396 2651 499 2713 quum
523 2649 615 2695 veros
631 2632 773 2693 dicimus
789 2631 908 2693 mentis
922 2646 1110 2711 conceptus,
1129 2649 1181 2693 res
1196 2632 1237 2694 ad

149 2732 352 2800 intellectum
378 2731 565 2793 reseruntur
589 2739 623 2792 ut
639 2747 792 2793 mensura
807 2731 848 2791 ad
875 2739 1117 2807 mensuratum
1134 2748 1236 2810 quum

148 2828 410 2891 autemdicimus
419 2846 509 2889 veras
521 2845 644 2901 res,res
657 2828 737 2908 ipsae
747 2829 908 2890 rationem
918 2828 1236 2900 hahentmensurati‚
1267 2901 1271 2906 δ

148 2938 180 2991 et
198 2927 382 2989 intellectus
398 2944 570 2989 mensurae.
585 2927 708 2989 Veritas
724 2927 812 2989 enim
826 2944 936 2989 rerum
953 2927 1047 2989 estin
1066 2927 1139 3001 hoc,
1148 2927 1235 3006 quod

148 3028 229 3108 ipsae
240 3025 339 3087 alieni
358 3024 542 3088 intellectus
558 3027 731 3107 conceptui
746 3026 931 3089 conformes
944 3026 1092 3087 existant.
1137 3011 1139 3016 ¹

192 3124 262 3188 tlt.
287 3123 480 3204 Hujusmodi
498 3141 574 3186 vero
593 3132 770 3205 conceptus
785 3124 834 3186 vel
851 3133 899 3187 est
911 3123 1077 3203 exemplar
1089 3121 1128 3183 ad
1145 3122 1238 3200 cujus

146 3223 403 3286 similitudinem
419 3240 470 3284 res
496 3222 608 3284 effecta
634 3229 693 3295 est,
711 3223 759 3285 vel
787 3232 834 3284 est
857 3223 1025 3286 criterium
1055 3222 1237 3283 secundum

149 3321 240 3401 quod
256 3319 297 3379 de
312 3321 357 3380 rei
375 3329 491 3380 natura
506 3320 609 3381 fertur
622 3320 798 3397 judicium.
823 3320 906 3383 lliuc
922 3338 973 3381 res
989 3318 1114 3396 duplici
1138 3318 1238 3381 modo

148 3436 233 3479 verae
262 3415 328 3476 diei
359 3423 495 3492 possunt
512 3433 519 3477 :
539 3416 568 3477 l⁰
579 3434 632 3496 per
643 3435 672 3476 sc
686 3426 714 3477 et
724 3417 873 3491 adscitur,-
888 3416 922 3477 2⁰
930 3435 986 3495 per
999 3416 1137 3477 occidens
1151 3424 1179 3476 et
1191 3435 1237 3476 se·

147 3512 383 3593 eundumquid.

191 3613 252 3675 Per
267 3630 301 3673 se
314 3619 346 3671 et
367 3610 515 3672 absolute
545 3628 597 3672 res
625 3631 708 3674 verae
730 3623 806 3675 sunt
829 3630 886 3693 per
901 3610 1180 3691 comparationem
1196 3611 1235 3671 ad

149 3711 353 3774 intellectum
379 3708 486 3780 illurn,
515 3725 621 3788 aquo
651 3709 813 3790 dependet
843 3727 956 3771 earum
984 3708 1192 3782 constitutio;
1210 3708 1237 3768 si

149 3808 302 3870 videlicet
329 3808 521 3887 archetypas
547 3805 636 3868 ideas
663 3809 847 3889 adaequent,
865 3807 904 3868 ad
918 3824 1056 3887 quarum
1073 3805 1240 3885 exemplar

147 3907 290 3969 conditae
305 3916 393 3968 sunt.
410 3904 465 3968 Sic
480 3923 533 3967 res
560 3891 675 3968 omnes
688 3906 852 3970 naturales
864 3922 947 3968 verae
962 3915 1038 3967 sunt
1052 3911 1241 3982 comparate

135 4004 189 4070 lad
219 4004 421 4067 intellectum
451 4005 618 4081 divinum;
650 4006 728 4084 quia
763 4013 959 4068 aeternarum
985 3999 1239 4064 similitudinem
