2792 4600
168 307 230 373 tlt
663 324 764 371 mom.

241 443 286 499 uel
299 442 458 500 immediato
470 442 499 499 in
515 458 546 499 se
566 415 693 499 invicem
708 452 801 516 agunt.
826 440 948 512 Spiritus
961 438 1068 496 viribus
1081 454 1181 509 corpo-

242 516 298 572 reis
310 518 386 573 nullo
394 518 628 589 urgemurrnor.
639 517 681 573 ll.
692 521 868 581 omuceorpue
879 522 917 569 cet
926 530 974 579 per
983 530 1010 568 te
1020 516 1048 568 in
1061 517 1181 577 tercurt-

242 597 292 646 tcm
302 595 510 657 idcati33ptritur
520 600 604 646 uotcut
616 601 676 646 suut
687 596 715 645 tu
725 596 778 645 bec
787 606 838 644 nou
847 606 895 655 per
904 605 930 642 sc
940 593 1040 652 ecdper
1049 591 1175 643 emmena
1197 586 1253 642 565

68 716 71 720 »
168 682 234 737 hur.
250 680 295 735 tu.
320 685 357 734 Dc
380 697 511 746 commum
536 685 776 747 compcnctrott'ouc.
802 680 885 735 Phor.
904 679 935 734 V.
951 680 1183 743 lmpeuetruottttcr

241 758 324 821 quood
336 759 417 809 locum
430 772 480 809 nou
490 763 528 809 cst
538 757 637 820 corpori
650 758 849 820 essentialium
859 761 887 806 ut
901 756 1039 806 intrinsece
1048 760 1180 822 rcpuuuct,

243 832 303 883 Mau
316 833 356 882 ccl
364 834 442 893 eterra
453 846 561 894 corporo
573 834 601 882 itt
614 846 664 882 uro
677 833 812 894 eodemque
822 832 874 881 loco
883 830 959 884 timul
969 826 1097 880 correus
1108 825 1183 880 euim

243 902 393 958 resistendi
407 903 480 958 vinci
495 911 625 972 potest-et
639 912 730 972 potest
743 904 815 964 Deus
836 901 945 957 duobus
958 900 1123 970 corporibus
1136 915 1182 954 rc-

243 975 373 1031 lationem
397 976 522 1031 eamdem
536 976 570 1030 ad
582 975 710 1032 eumdem
725 977 816 1030 locum
829 975 962 1031 tribuere.
975 972 1125 1030 'Possihilis
1140 980 1184 1028 est

243 1050 369 1120 corporis
383 1050 466 1105 unius
480 1066 529 1119 per
542 1049 616 1105 aliud
631 1050 819 1105 transmeatio.
833 1049 930 1103 Partes
944 1047 1068 1118 ejusdem
1082 1062 1182 1117 corpo-

244 1122 285 1178 ris
298 1124 327 1178 in
340 1124 437 1179 eodem
451 1125 511 1179 loco
525 1124 655 1179 constitui
670 1133 805 1193 possunt·
816 1124 872 1177 imo
884 1131 972 1177 totum
985 1119 1183 1191 corpus-quid

244 1197 383 1252 amitteret
395 1212 497 1267 corpus
517 1197 554 1252 ita
572 1196 923 1253 locatum-Sacramentalis
944 1195 1047 1251 Christi
1062 1209 1185 1265 praesen-

244 1270 293 1325 tia.
309 1271 440 1326 Extensio
455 1270 550 1325 localis
560 1271 676 1327 actualis
686 1287 741 1326 non
753 1280 796 1326 est
806 1270 914 1340 corpori
926 1268 1094 1325 essentialis
1172 1308 1180 1323 .
1203 1266 1258 1322 568

170 1361 238 1416 har.
251 1360 285 1416 t.
299 1364 336 1414 lte
349 1377 482 1427 corporum
494 1366 702 1416 muttitecuttoue.
719 1360 792 1429 Quid
812 1362 849 1416 sit
863 1360 1042 1416 multiloeatio
1062 1359 1183 1414 circnm-

245 1434 387 1505 scripura,
403 1434 543 1491 definitiva
557 1445 585 1491 et
598 1436 692 1491 mixta.
710 1436 791 1490 Paor.
806 1435 852 1491 Vl.
867 1439 943 1489 Nulla
965 1437 1131 1488 multiloeatio
1144 1439 1182 1487 eet

244 1512 344 1574 corpori
354 1513 511 1563 unturclt‘ter
517 1513 647 1574 possibilie
660 1530 665 1563 :
681 1517 709 1563 ct
722 1518 818 1563 certum
828 1526 861 1563 ec
871 1523 941 1576 equo
954 1517 991 1562 cet
1002 1511 1183 1562 multiloeatio-

245 1598 310 1645 ucm,
324 1587 415 1636 saltem
427 1586 583 1648 definitivam
596 1590 635 1637 oet
648 1588 765 1646 mictum.
779 1588 878 1637 nullum
896 1585 1089 1648 repuoucutt'cm
1102 1585 1184 1635 iuclu-

245 1660 306 1710 dcrc
311 1673 323 1721 ;
336 1660 364 1709 id
373 1661 438 1724 quod
447 1661 524 1710 etium
534 1662 564 1711 dc
575 1662 791 1723 circumscriptior
798 1661 996 1711 multiloeaticuc
1003 1660 1134 1709 dicendum·
1144 1659 1185 1708 oi-

246 1734 333 1784 dctur.
341 1730 421 1785 Prior
431 1746 496 1800 pars
505 1732 540 1787 ah
551 1732 722 1801 experientia
732 1729 1184 1803 colligitur-multilocatio-detiui·

245 1803 301 1859 tiva
321 1812 349 1858 et
372 1804 456 1859 mixta
469 1805 574 1860 nullam
589 1806 732 1876 implicant
749 1805 1071 1861 contradictionem-uam
1092 1813 1184 1859 exter·

246 1892 345 1946 narum
360 1877 533 1934 solummodo
555 1879 720 1934 relationum
744 1879 999 1949 multiplicationem
1019 1877 1183 1950 important·

246 1950 428 2006 multiloeatio
441 1967 551 2022 quoque
561 1952 765 2021 circumscripti
771 1968 799 2007 ra
813 1952 893 2009 iactis
903 1951 1026 2008 indubiis
1038 1952 1185 2007 suadetur-

247 2025 356 2094 corpori
370 2025 608 2095 circumscriptive
631 2027 763 2096 replicato
788 2037 931 2097 nequeunt
942 2026 1090 2082 convenire
1103 2024 1183 2081 attri-

247 2098 313 2154 buta
326 2113 389 2168 quae
402 2099 538 2154 contraria
558 2109 624 2155 suut
641 2100 747 2155 rationo
771 2099 904 2170 subjecti3
928 2109 955 2155 at
981 2109 1098 2170 possunt
1121 2114 1184 2170 quea

247 2172 383 2227 contraria
398 2180 463 2232 sunt
477 2173 583 2228 ratione
596 2174 659 2229 loci.
673 2173 839 2244 Opponunt:
851 2176 878 2228 l⁰
888 2190 950 2245 quae
964 2172 1103 2230 distinctis
1114 2173 1184 2228 locis

247 2244 380 2312 existunt,
395 2246 507 2302 realiter
520 2247 730 2320 distinguuntur
740 2278 754 2287 ·
765 2247 794 2307 2⁰
807 2247 914 2319 Corpus
925 2248 1086 2319 replicatum
1100 2248 1185 2304 dista·

248 2329 290 2376 ret
304 2335 319 2373 a
333 2321 425 2390 seipso
439 2351 453 2360 -
466 2333 542 2377 esset
554 2337 641 2377 unum
663 2332 690 2378 et
714 2323 793 2392 plura
807 2353 820 2363 ·
834 2323 1111 2380 circumscriberetur
1124 2324 1184 2377 loco

247 2402 276 2449 et
285 2409 340 2449 non
350 2395 626 2451 circumscriberetur
635 2427 649 2437 ·
663 2396 768 2451 moveri
781 2407 874 2465 posset
888 2397 1009 2454 motibus
1022 2396 1183 2453 contrariis·
1232 2401 1235 2407 '

249 2467 374 2540 Singulis
386 2469 589 2539 objectionibus
602 2471 787 2540 respondetur
830 2509 1182 2528 .....
1205 2469 1260 2524 569

174 2557 241 2612 Aac.
257 2556 299 2611 Vl.
314 2562 352 2610 Dc
364 2574 451 2612 omno.
466 2557 587 2613 Vacuum
602 2559 713 2629 proprie
731 2569 759 2615 et
779 2559 931 2630 improprie
943 2559 1047 2615 dictum
1061 2561 1186 2634 -rntagi-

248 2629 357 2684 uarium
371 2638 399 2685 et
417 2631 491 2686 reale
504 2661 519 2672 -
531 2641 724 2687 coacervatum*
743 2643 771 2688 et
792 2634 1013 2689 disseminatum.
1028 2634 1110 2690 Prior.
1128 2636 1183 2692 Vll.

254 2704 363 2759 Vostrum
375 2709 445 2757 recte
458 2720 488 2758 oc
497 2710 600 2770 proprie
612 2710 706 2761 dictum
716 2712 836 2772 possibile
849 2716 896 2761 cet.
911 2707 1020 2763 Nullam
1033 2708 1108 2763 enim
1119 2725 1186 2765 con·

249 2775 320 2832 tinet
332 2780 542 2850 repugnantiam
552 2779 716 2835 -evidenter
729 2780 847 2835 infertur
856 2797 890 2835 ex
899 2782 1107 2837 annihilationis
1121 2799 1186 2853 pos·

249 2850 392 2906 sibilitate.
409 2852 492 2907 Phor.
508 2852 578 2907 Vlll.
595 2858 642 2907 Est
659 2870 765 2907 uacuum
788 2859 890 2920 proprie
912 2860 1010 2909 dictum
1029 2860 1055 2908 t'u
1069 2861 1185 2910 muodo·

250 2939 350 2994 nempe
368 2923 589 2982 disseminatum.
607 2926 636 2982 ld
663 2929 784 2997 postulat
805 2940 958 2984 atomorum
981 2929 1187 3000 imponderahi-
1245 2964 1248 2970 ·

249 2997 318 3054 lium
332 3008 434 3053 motus.
449 2998 598 3069 Opponunt
612 3017 619 3056 :
635 3001 672 3055 Ea
687 3002 760 3057 inter
771 3017 834 3072 quae
844 3002 914 3056 nihil
927 3002 1031 3070 existit,
1046 3019 1077 3059 se
1090 3013 1185 3060 mutuo

250 3071 412 3144 contingant
436 3083 552 3142 oportet.
574 3075 709 3129 Distantia
732 3076 815 3131 realis
838 3076 909 3132 l'oret
929 3076 1000 3132 nihil
1018 3107 1031 3117 ·
1051 3087 1079 3132 et
1098 3078 1185 3133 nihilo

249 3144 355 3200 inesset
374 3147 498 3202 extensio
520 3148 614 3203 realis.
637 3149 759 3204 lacuum
782 3164 833 3204 nee
856 3150 1009 3205 substantia
1035 3150 1115 3215 soret,
1134 3167 1187 3207 uec

249 3217 388 3274 accidens.
399 3219 429 3274 Si
440 3219 512 3275 inter
521 3230 628 3277 atomos
637 3222 751 3278 aetheris
761 3238 877 3283 vacuum
891 3234 934 3279 est
947 3223 1133 3294 interjectum,
1144 3240 1186 3281 eae

248 3307 330 3365 agere
342 3292 377 3347 ad
391 3293 510 3351 invicem
524 3310 579 3350 non
593 3305 711 3366 possunt
734 3296 928 3367 Respondetur
942 3299 1060 3371 singulis
1090 3339 1097 3354 .
1175 3340 1183 3354 .
1205 3298 1261 3356 ott

449 3386 452 3391 ’
534 3398 648 3447 CAPUT
666 3401 699 3448 ΙΙ.
718 3401 756 3447 ltu
772 3415 907 3450 rnurorn.

174 3478 241 3533 hur.
258 3477 280 3533 1.
296 3482 332 3531 oe
346 3481 463 3542 temporis
476 3481 587 3531 notione.
600 3478 744 3548 Temporis
755 3479 890 3534 elementa
900 3497 907 3534 ι
917 3481 1098 3550 praeteritum,
1113 3497 1186 3552 prae·

248 3567 324 3618 sens,
340 3550 470 3606 luturnm.
487 3552 617 3606 hlomenti
630 3551 732 3607 fluxus.
750 3553 887 3625 onalogiae
897 3556 1030 3624 temporis
1041 3571 1103 3611 cum
1117 3571 1185 3611 con·

247 3625 326 3681 tinuo
339 3625 511 3694 permanenti
526 3654 538 3664 ·
553 3635 580 3680 et
594 3626 727 3696 temporis
740 3628 859 3682 absoluti
870 3642 933 3682 cum
945 3630 1033 3699 spatio
1043 3630 1185 3686 ahsolutu-

248 3713 311 3768 quae
324 3708 416 3763 tamen
430 3699 459 3752 in
473 3698 582 3755 duobus
595 3700 754 3769 discrepant
831 3741 1185 3759 .....
1205 3704 1259 3758 5Ἰ7

175 3774 241 3826 har.
261 3772 296 3826 ll.
319 3775 385 3836 Quid
407 3775 442 3825 stt
464 3779 570 3837 tempus.
600 3774 778 3842 Experientia
801 3774 882 3830 nohis
905 3774 985 3830 offert
1011 3776 1183 3832 durationem

209 3861 212 3863 “
248 3860 312 3901 cum
331 3845 518 3900 successione.
534 3847 616 3901 Phor.
632 3847 654 3902 l.
669 3851 777 3901 Duratio
795 3852 874 3902 rectia
896 3852 927 3902 ab
953 3854 1019 3904 eutis
1045 3854 1184 3905 euirtcutt'o

248 3936 299 3973 ocu
312 3922 479 3985 distinquitur
497 3935 536 3986 rc,
554 3923 726 3986 dittiupuitur
748 3930 832 3975 taruco
852 3927 962 3990 rutinae,
976 3933 1100 3989 quotenus
1122 3928 1185 3979 dicit

245 3994 615 4071 permanentiomrect‘ttcutio.
632 3995 767 4050 Probatur
780 4011 814 4052 cx
826 3995 980 4054 durationis
992 4007 1021 4055 et
1030 3997 1185 4056 existentiae
