2792 4600
687 413 858 461 onrotoon.

678 547 813 664 CAPUl:h
830 548 868 611 V.

665 679 707 722 oa
739 679 881 721 crusis.

581 845 586 850 .
671 788 837 838 tnrtoutus
859 788 881 834 1.

535 884 680 948 Notionet
692 886 845 966 principii
858 894 885 948 ct
898 904 1010 950 caute.

266 996 338 1062 253.
363 993 569 1079 Principium
586 1011 634 1061 cst
649 999 682 1060 id
697 1020 718 1060 c
732 1017 792 1079 quc
812 999 931 1079 utquid
945 1018 1126 1079 quocunque
1139 1001 1227 1063 modo
1240 1020 1314 1063 con·

222 1099 372 1178 sequitur.
396 1097 487 1172 Quod
517 1097 557 1160 ab
583 1097 649 1158 aiio
674 1098 900 1178 consequitur,
927 1099 1154 1179 principictunt
1179 1099 1313 1163 dicitur.

225 1195 310 1258 ilinc
325 1197 363 1257 ad
381 1197 540 1259 rationem
558 1196 729 1277 principii,
746 1209 781 1257 ut
797 1215 835 1259 ex
851 1187 1043 1260 delinitione
1066 1205 1162 1278 patet,
1180 1197 1246 1262 duo
1262 1216 1315 1260 re-

224 1294 425 1375 quiruntur:
446 1296 476 1359 1⁰
491 1305 525 1358 ut
541 1295 630 1375 quod
658 1295 862 1377 principium
889 1294 1011 1358 dicitur
1032 1296 1075 1357 sit
1088 1294 1199 1377 aliquo
1214 1296 1316 1359 modo

226 1395 317 1474 prius
342 1394 559 1474 principiat03
576 1394 609 1455 2⁰
624 1403 660 1456 ut
685 1394 738 1455 sit.
755 1395 841 1457 iuter
867 1412 970 1457 unum
997 1402 1028 1457 ct
1049 1395 1188 1458 aiterum
1203 1396 1316 1476 aliqua

224 1491 469 1584 consecutionis
494 1493 668 1556 connexio.
690 1492 754 1555 Sed
781 1501 850 1556 tum
878 1493 1044 1574 prioritas,
1061 1503 1130 1556 tum
1152 1495 1316 1556 connexio

226 1592 296 1654 haec
312 1590 485 1671 multiplex
501 1591 695 1672 assignatur.

267 1687 340 1753 rat.
364 1688 532 1751 Connexio
547 1688 803 1766 consecutionis,
821 1697 857 1753 ut
871 1688 913 1751 ab
931 1690 992 1752 hac
1006 1685 1176 1771 incipiam,
1193 1690 1317 1771 duplex

226 1807 297 1851 esse
313 1789 854 1869 potest3cctrt'nreccetintrinseca.
1230 1848 1233 1854 .

268 1887 435 1951 Connexio
451 1887 630 1950 extrinseca
650 1888 840 1951 continetur
864 1887 1098 1951 consecutione
1112 1905 1201 1951 mera
1216 1888 1319 1952 unius

154 2046 157 2051 ,
227 1996 300 2068 post
315 1986 419 2050 aliud.
436 1986 491 2051 Sir
507 2004 624 2051 aurora
652 1988 775 2051 dicitur
794 1987 998 2068 principium
1013 1986 1091 2050 diei.
1109 1986 1316 2070 Principium
1373 1999 1375 2005 ’

228 2085 292 2147 hoc
304 2085 403 2148 modo
415 2103 490 2148 cum
502 2103 563 2149 suo
576 2086 774 2168 principiato
787 2103 969 2149 connexum
984 2084 1118 2167 proprie
1130 2086 1319 2167 appellatur

145 2222 147 2225 .
225 2183 366 2247 initium.

269 2282 437 2347 Connexio
453 2283 630 2347 intrinseca
646 2282 859 2348 constituitur
874 2281 1013 2364 positivo
1029 2281 1155 2347 influxu
1169 2281 1270 2346 unius
1283 2282 1318 2345 in

225 2380 334 2460 aliud;
348 2382 404 2463 qui
422 2383 557 2464 quidem
574 2383 718 2446 influxus
734 2382 783 2445 vei
798 2384 833 2445 in
844 2383 951 2458 ordioc
965 2384 1062 2465 lupico
1077 2383 1139 2460 est,‘
1150 2381 1199 2445 vei
1215 2384 1251 2446 in
1264 2401 1319 2445 or·

226 2479 298 2541 dinc
309 2481 448 2560 physico.

269 2576 367 2640 Estin
378 2578 496 2640 ordine
508 2580 615 2659 logico
627 2597 729 2661 quum
744 2596 847 2643 unum
860 2580 1081 2643 communicat
1093 2579 1185 2642 alteri
1199 2597 1321 2661 cogno·
1371 2605 1372 2608 ¹

227 2678 437 2741 scibilitatem
453 2688 486 2741 et
501 2679 715 2756 evidentiam
732 2698 798 2761 quo
824 2680 959 2762 quidem
988 2688 1137 2761 respectu
1153 2680 1321 2763 principia
1370 2693 1371 2714 ¹

228 2778 262 2840 in
276 2779 423 2841 scientiis
435 2797 665 2860 nuncupamus
677 2781 827 2844 veritates
840 2799 904 2856 eas,
918 2798 992 2862 quae
1004 2779 1037 2842 iu
1051 2779 1189 2842 aliarum
1205 2780 1321 2860 cogni·
1367 2785 1370 2854 j

228 2875 352 2939 tionem
380 2878 559 2941 adducunt.
577 2879 613 2941 ln
635 2879 755 2941 ordine
770 2887 877 2943 autem
894 2879 1030 2960 physico
1046 2877 1195 2955 habetur,
1213 2896 1321 2959 quum
1367 2873 1369 2950 l

228 2993 332 3038 unum
348 2978 441 3039 alteri
459 2977 567 3058 ipsum
584 2996 654 3040 esse
669 2977 901 3041 communicat.
920 2977 1012 3052 Quod
1030 2978 1063 3039 in
1087 2978 1184 3040 rebus
1199 2979 1322 3042 creatis
1365 2953 1368 3040 l

227 3071 594 3154 fltdupttciter.-1Jnum
610 3075 700 3137 enim
727 3092 798 3137 esse
822 3076 1044 3138 communicat
1062 3075 1166 3148 alteri,
1183 3076 1232 3138 vei
1248 3075 1323 3140 tcnss

132 3181 136 3186 ’
224 3189 321 3253 quam
350 3191 426 3252 part
461 3173 660 3239 constitutiva
691 3172 826 3236 mccntic
856 3173 992 3246 alterius,
1024 3173 1073 3235 vel
1105 3181 1255 3254 tanquam
1283 3174 1323 3236 in

227 3269 353 3332 ulterius
367 3271 596 3350 productionem
610 3272 755 3351 influent.
773 3270 905 3352 Triplex
930 3270 1030 3351 igitur
1054 3278 1102 3333 est
1123 3289 1224 3351 genus
1241 3271 1322 3334 ilio-

229 3387 301 3431 rum
319 3369 560 3451 principiorum
578 3388 651 3450 quae
663 3370 842 3432 intrinsece
852 3387 927 3432 cunr
941 3369 1009 3433 suis
1022 3369 1228 3450 principiatis
1240 3387 1325 3434 con·

228 3477 419 3546 nectuntur;
456 3469 609 3531 videlicet
645 3469 846 3550 principium
882 3469 1078 3551 copulauerit,
1113 3469 1324 3551 principium

224 3569 355 3642 ersendi,
376 3568 579 3649 principium
609 3568 772 3633 ecittcttdt‘.
804 3566 880 3641 oue
909 3568 1020 3632 omnia
1049 3568 1238 3650 complexus
1268 3578 1325 3632 est

229 3667 431 3744 Aristotcles,
449 3685 552 3749 quum
569 3667 773 3750 principium
789 3667 938 3731 definivit
954 3669 1011 3735 :id
1025 3669 1107 3730 unde
1127 3667 1323 3750 aliquidem,

226 3774 282 3827 out
295 3767 341 3844 fit,
358 3775 413 3828 aut
427 3768 621 3847 copnorcitrcr
634 3770 701 3847 til„
1250 3835 1254 3843 ,
1342 3817 1345 3826 ,

270 3864 342 3928 255.
361 3866 519 3929 Prioritas
536 3884 599 3947 qua
615 3866 819 3947 principium
836 3884 903 3947 prae
919 3866 1115 3950 principiato
1126 3864 1255 3946 gaudet,
1270 3875 1327 3929 est

226 3961 359 4041 triplex.
376 3960 458 4026 Nam
475 3963 678 4044 principium
706 3964 841 4046 proprie
866 3964 991 4027 dictum
1006 3974 1038 4027 ct
1053 3965 1086 4026 in
1103 3964 1220 4028 ordine
1235 3962 1330 4045 phy·
1350 3951 1351 3954 '

258 4104 326 4165 (Ν
346 4108 434 4156 dicte.
446 4109 466 4156 i.
