2792 4600
191 348 254 413 250
626 367 816 414 cosuotoen.

235 481 315 543 llinc
330 484 436 543 unitas
452 482 499 543 vis
515 491 545 544 et
562 482 790 563 multiplicitas
805 484 1005 547 extensionis
1021 502 1088 548 non
1103 504 1279 568 opponun-

190 589 257 652 tur,
278 597 314 642 ae
330 580 469 661 proinde
482 580 568 643 biuae
583 580 652 643 istae
668 581 768 643 atomi
786 582 1000 664 proprietates
1013 582 1052 645 ad
1070 584 1135 647 duo
1151 574 1280 648 diversa

190 677 357 759 principia
378 677 557 740 referendae
573 696 638 739 non
655 689 743 740 sunt.

232 773 285 840 ut.
310 775 388 840 Dico
404 777 437 839 δ’
459 774 497 841 St
511 777 548 838 ab
562 795 629 838 aaa
653 777 790 839 realitate
804 778 936 841 oriretur
945 779 980 841 ia
995 788 1096 843 atomo
1116 800 1188 842 cera
1201 781 1282 844 mul·

189 874 351 957 tiplt'aitaa,
367 874 590 957 coapostatae
604 875 702 939 altera
716 877 795 938 ariri
807 896 878 940 aera
892 878 1010 941 unitas.
1027 877 1157 942 Etenim
1173 880 1281 959 prima

182 975 324 1037 ·realitas
340 974 535 1055 multiplicat
550 992 584 1036 se
596 992 633 1036 ac
648 974 821 1056 distinguit
837 976 870 1038 in
897 984 1016 1058 partes.
1046 978 1187 1043 Realitas
1203 997 1282 1044 vero

189 1078 294 1141 altera
320 1078 459 1159 primam
489 1074 669 1138 realitatem
701 1075 869 1139 informat.
899 1076 939 1138 At
962 1076 1159 1141 informatne
1187 1079 1281 1141 illam

191 1186 365 1257 antequam
382 1195 415 1237 se
437 1173 645 1257 multiplicet,
662 1192 704 1237 an
720 1191 795 1238 vcro
811 1194 914 1257 quum
929 1194 963 1238 se
979 1177 1192 1257 multiplicati
1206 1176 1283 1241 Pri-

192 1294 284 1339 mum
311 1274 376 1338 dici
401 1274 532 1355 nequit;
550 1292 624 1336 narn
640 1274 776 1337 materia
796 1291 862 1337 non
878 1274 933 1338 dat
957 1276 1139 1339 extensioni
1155 1285 1280 1351 ortum,

192 1375 257 1440 nisi
274 1374 446 1455 conjuncta
460 1390 536 1435 cum
552 1372 668 1435 forma.
682 1373 744 1436 Sed
758 1381 827 1435 esto
842 1391 849 1437 :
863 1383 1038 1454 antequam
1051 1393 1085 1436 se
1097 1374 1155 1436 illa
1167 1376 1280 1438 multi·

192 1475 304 1559 plicet,
323 1472 530 1537 informetur.
549 1473 632 1552 Ergo
645 1489 748 1551 quum
763 1491 797 1535 se
810 1472 1020 1553 multiplicat,
1035 1491 1100 1537 non
1117 1493 1151 1537 se
1162 1475 1279 1549 solam,

190 1574 249 1637 sed
264 1581 297 1636 et
311 1572 451 1637 formam
473 1590 537 1652 qua
556 1571 627 1653 ipsa
641 1579 715 1633 actu
730 1585 790 1649 est,
808 1571 1051 1653 multiplicabit.

234 1673 267 1737 Si
285 1689 361 1735 vero
384 1671 474 1734 dicas
490 1671 631 1751 primam
647 1670 826 1733 realitatem
844 1669 877 1731 in
894 1688 933 1733 eo
949 1672 1022 1752 ipso
1038 1670 1126 1752 quod
1142 1691 1177 1735 se
1193 1672 1282 1735 mul·

191 1773 331 1854 tiplicat,
348 1770 388 1833 ab
400 1770 501 1832 altera
515 1768 701 1843 informari,
718 1767 898 1831 inferemus
909 1769 1090 1833 realitatem
1105 1771 1189 1834 hanc
1200 1771 1281 1835 alte-

193 1887 263 1933 ram
283 1888 350 1933 non
367 1887 469 1932 unum
484 1868 564 1950 quid
582 1867 772 1943 informare,
790 1867 846 1930 sed
860 1868 954 1949 plura
969 1877 1055 1933 actu.
1067 1868 1152 1951 Ergo
1165 1878 1197 1933 et
1210 1870 1283 1952 ipsa

193 1969 229 2032 in
245 1969 341 2050 plura
356 1987 390 2030 se
405 1966 533 2029 scindat
547 1983 679 2027 necesse
691 1975 750 2028 est.

234 2065 402 2147 Quidquid
419 2064 520 2145 igitur
534 2063 636 2138 dicas,
667 2062 729 2124 erit
745 2063 1155 2143 semper.conctudendom
1170 2083 1178 2131 :
1195 2067 1221 2127 si
1239 2066 1282 2127 ab

112 2169 114 2174 '
193 2185 259 2231 una
271 2166 416 2229 realitate
428 2163 656 2247 multiplicitas
667 2164 783 2239 oritur,
794 2162 951 2226 unitatem
964 2164 1005 2226 ab
1012 2153 1111 2228 altera
1118 2166 1198 2230 oriri
1213 2185 1281 2230 non

194 2286 302 2351 posse.
514 2267 519 2278 '
805 2271 821 2299 '

236 2368 288 2433 95.
312 2366 397 2431 llinc
411 2364 486 2428 dico
501 2363 535 2427 4⁰
556 2361 610 2427 Ea
625 2362 728 2424 eadem
753 2362 890 2426 realitate
904 2379 942 2426 ec
956 2384 1019 2444 qua
1032 2367 1168 2428 muncia
1181 2365 1282 2428 dima-

192 2475 263 2545 nat,
278 2468 439 2530 dimanare
446 2470 545 2544 potest
559 2462 606 2524 aie
619 2461 655 2523 de
668 2460 907 2542 proloquimur.

235 2566 316 2630 Nam
329 2566 361 2643 a)
377 2580 413 2626 ea
428 2561 560 2625 realitas
575 2578 593 2623 a
608 2577 672 2641 qua
698 2568 810 2622 manat
837 2559 994 2636 extensio,
1012 2569 1060 2624 est
1075 2579 1138 2624 una
1154 2562 1284 2626 realitas

194 2665 380 2749 velplures.

237 2765 272 2829 Si
289 2772 337 2827 est
352 2778 434 2838 una;
453 2778 529 2840 argo
546 2759 679 2822 unitatis
698 2759 801 2833 illius,
816 2779 889 2841 quae
902 2763 933 2822 in
949 2762 1138 2827 extensione
1152 2780 1283 2843 geome-

187 2865 277 2929 trica
292 2862 386 2942 viget,
402 2859 466 2921 alia
489 2857 572 2920 ratio
588 2859 763 2939 quaerenda
778 2876 845 2920 non
868 2870 926 2921 est.
944 2861 1102 2924 Praeterea
1124 2869 1281 2943 sequetur

194 2962 326 3034 exinde,
343 2959 469 3041 aliquid
487 2958 521 3020 in
536 2976 570 3018 so
582 2975 685 3020 unum
697 2959 896 3021 extensionis
911 2959 1074 3040 originem
1089 2975 1159 3023 esse
1172 2979 1279 3044 posse.

194 3063 288 3130 Unde
314 3058 560 3131 concludemus,
590 3057 770 3119 realitatem
791 3075 924 3139 quoque
940 3059 1029 3121 illam
1045 3077 1142 3141 aqua
1167 3061 1214 3123 vis
1230 3060 1282 3123 di·

194 3168 315 3238 manat,
344 3156 492 3239 quamvis
508 3155 540 3217 in
558 3175 593 3218 se
607 3173 671 3218 una
686 3156 741 3229 sit,
773 3173 867 3237 posse
882 3173 952 3219 csse
968 3159 1168 3221 extensionis
1184 3161 1284 3241 origi-

195 3278 272 3322 nem

238 3356 271 3419 Si
288 3374 364 3418 vero
377 3356 504 3417 dicatur
519 3352 889 3435 multiplex-negabitur
904 3353 1081 3436 inprimis,
1100 3354 1283 3419 realitatem

196 3455 282 3518 hanc
297 3471 391 3536 posse
406 3469 489 3514 exse
506 3449 724 3532 multiplicem
741 3470 822 3514 esse.
839 3453 913 3514 lloec
928 3453 1017 3514 enim
1034 3452 1164 3515 realitas
1181 3461 1283 3516 mate-

194 3553 252 3617 riae
278 3550 392 3634 primae
406 3550 639 3631 aequiparatur.
666 3548 764 3629 Atqui
791 3550 881 3612 nulla
910 3551 1006 3612 estin
1023 3551 1159 3613 materia
1175 3569 1286 3632 perse

195 3651 339 3733 partium
355 3648 541 3725 distinctim
559 3665 633 3710 nam
650 3647 819 3711 distinctio
846 3650 987 3728 partium
1004 3651 1161 3732 supponit
1176 3666 1284 3731 quaa-

194 3750 321 3813 titatem
333 3747 503 3823 actualem,
521 3756 552 3809 et
567 3748 706 3809 oritura
730 3746 853 3823 lorma;
869 3757 959 3810 actus
974 3749 1124 3810 animost
1146 3751 1202 3829 qui
1230 3748 1286 3810 di·

193 3848 344 3928 stinguit,
359 3848 447 3927 iuxta
473 3846 696 3927 pervulgatum
711 3846 796 3927 apud
814 3853 937 3909 veteres
952 3847 1092 3910 axioma.
1108 3845 1230 3910 Deinde
1247 3846 1285 3910 iu

127 3958 129 3962 ‘
197 3947 258 4008 hac
275 3946 447 4028 hypothesi
476 3945 593 4007 salsum
620 3944 693 4020 erit,
712 3964 781 4008 esse
804 3963 903 4007 unam
919 3946 1098 4009 realitatem
1114 3963 1286 4027 unumque

194 4046 444 4128 principium,a
466 4064 532 4127 quo
558 4046 705 4108 extensio
733 4059 782 4109 est
804 4056 836 4110 et
863 4046 1091 4128 multiplicitas
1120 4046 1286 4129 partium;
