2792 4600
183 259 247 328 {338
655 274 827 320 erroneam.

227 396 262 458 5⁰
285 391 489 472 Principium
503 389 776 453 contradictionis
789 390 864 452 ideo
879 388 1099 450 clarissimum
1121 396 1182 464 est,
1198 391 1273 471 quia

180 493 228 556 ab
244 489 415 554 existentia
442 489 521 550 reati
548 487 751 569 praescindit,
767 498 799 549 et
814 487 900 550 eirea
917 486 1055 550 ideaiem
1071 485 1272 556 existentiam

184 598 343 653 versatur.
361 591 446 668 Ergo
462 605 480 648 a
495 587 661 651 contrario
676 596 738 650 ete.

229 689 327 768 Resp.
343 687 420 768 Nep.
437 697 505 750 ortt.

228 787 276 849 Ad
293 786 332 847 ps
349 786 427 848 dist.
443 785 518 865 maj.
537 784 633 847 itaut
649 784 720 863 ejus
735 783 851 846 veritas
866 801 903 845 ae
919 784 1093 844 necessitas
1109 780 1150 847 ab
1165 783 1273 864 aliqua

185 884 359 947 existentia
375 883 454 944 reali
476 883 667 962 dependeat,
681 899 770 961 nep.,·
787 880 830 941 ita
847 890 881 941 ut
902 880 1073 942 existentia
1089 880 1186 943 reaiis
1202 882 1272 945 abs·

129 1015 132 1022 ·
185 974 288 1044 tracte
314 991 345 1043 et
367 982 545 1045 universim
571 981 604 1041 in
631 999 671 1042 eo
696 977 937 1053 consideretur,
953 995 1052 1052 corte,
1063 989 1097 1053 et
1111 996 1180 1059 nep.
1196 982 1272 1047 mia.

186 1093 257 1142 tam
274 1084 381 1160 quoad
399 1078 538 1160 primam
555 1087 690 1158 partem,
710 1087 777 1139 tum
794 1076 901 1156 quoad
919 1093 1039 1138 nexum
1059 1076 1234 1141 causalem.

137 1214 141 1220 -
224 1174 286 1242 'Est
301 1179 388 1239 enim
406 1177 502 1258 piane
517 1176 647 1251 falsum,
662 1177 730 1239 imo
745 1186 775 1239 et
790 1175 859 1237 risu
875 1174 1013 1254 dignum
1029 1176 1117 1255 quod
1131 1175 1177 1237 ibi
1190 1193 1274 1240 asse-

187 1276 290 1350 ritur;
307 1276 382 1356 quis
397 1276 486 1336 enim
502 1276 682 1336 dicat-esse
702 1274 875 1337 obscuram
906 1272 1074 1337 notionem
1097 1273 1275 1338 existentiae

188 1374 303 1435 realis?
319 1374 437 1454 Estque
454 1373 574 1452 pariter
591 1373 720 1447 salsum,
735 1373 881 1436 idemne
897 1360 1074 1436 obscurum
1090 1391 1173 1449 esse,
1187 1375 1273 1454 quod

187 1473 319 1535 definiri
337 1490 402 1534 nou
421 1481 525 1551 potest
540 1471 586 1547 tt.
605 1473 675 1546 tao,
693 1473 778 1548 tart.

229 1573 279 1636 Ad
301 1572 342 1633 Ψ
357 1572 436 1634 ittet.
454 1571 527 1634 idea
556 1572 734 1632 existentiae
764 1578 943 1651 uteunque,
971 1560 1091 1639 omittm·
1114 1570 1185 1632 idea
1209 1571 1276 1633 exi·

188 1670 547 1749 stentiaecontingentis
560 1668 1026 1749 etincipientisnoninciudit
1038 1668 1147 1730 ideam
1159 1686 1274 1744 causae,
1318 1675 1321 1683 '
1360 1736 1361 1743 ,

188 1770 294 1845 sudd.;
324 1786 392 1831 non
415 1769 553 1830 includit
579 1769 802 1848 cognitionem
825 1767 1047 1830 determinata
1069 1786 1136 1830 suae
1159 1785 1274 1844 causae,
1360 1754 1361 1757 ¹

189 1881 309 1943 troae.;
325 1886 390 1929 non
408 1867 549 1928 includit
565 1867 671 1927 ideam
690 1865 840 1927 habentis
862 1882 1005 1940 eausam,
1021 1884 1110 1946 nepo.

232 1966 279 2027 Ad
301 1969 342 2029 5¹⁰
358 1966 434 2045 Nep.
457 1983 546 2044 prop.
565 1965 735 2035 causalem,
759 1973 790 2025 et
811 1964 882 2025 dist.
904 1971 967 2025 rot.
990 1965 1061 2026 cdd.
1087 1964 1279 2027 Praescindit

189 2077 265 2137 ete,
284 2075 444 2145 quatenus
460 2081 578 2142 nempe
594 2062 798 2124 existentiam
815 2061 936 2124 realem
952 2061 1139 2125 considerat
1156 2071 1191 2125 ut
1205 2063 1278 2126 abs·
1362 2060 1363 2063 ’

189 2174 290 2223 traete
307 2174 336 2223 et
350 2162 529 2223 universim
545 2161 743 2239 concipitur,
759 2178 864 2235 coae.,·
878 2159 970 2240 quasi
987 2178 1061 2223 vero
1073 2161 1278 2223 existentiam

189 2262 311 2325 realem
329 2260 421 2323 nulio
440 2260 539 2323 modo
558 2257 757 2335 consideret,
773 2277 861 2338 nepo.
879 2257 917 2321 m
935 2250 1004 2340 nep.
1020 2261 1276 2343 consequentium.

232 2362 437 2442 Principium
453 2358 725 2421 contradictionis
740 2359 826 2420 circa
841 2359 1045 2421 existentiam
1059 2379 1194 2441 quoque
1210 2379 1279 2425 rea·

190 2460 255 2521 iem
269 2468 424 2532 versatur,
435 2466 469 2519 ut
482 2474 542 2519 suo
555 2458 627 2519 loco
643 2456 879 2518 declaravimus
891 2458 972 2535 (mu
987 2459 1170 2538 eodemque
1183 2460 1279 2539 piane

189 2559 290 2620 ruodo
307 2574 344 2617 ae
363 2555 563 2636 principium
580 2554 779 2616 causalitatis
794 2555 999 2618 existentiam
1021 2557 1144 2618 realem
1169 2558 1279 2621 cousi·

124 2653 127 2658 ’
190 2656 293 2729 derat,
324 2673 442 2734 nempe
472 2654 630 2715 abstracte
658 2662 690 2715 et
719 2653 909 2716 universim.
926 2651 963 2717 Si
986 2654 1061 2736 quid
1084 2658 1192 2719 eatettt
1214 2675 1279 2720 nou

185 2765 361 2838 potestaten
376 2755 514 2828 existere
540 2772 614 2816 ecce
635 2753 837 2833 principium
852 2754 1135 2819 contradictionis.
1153 2754 1193 2819 Si
1207 2758 1280 2839 quid

135 2827 150 2860 ⁶
189 2857 297 2918 existit
310 2857 389 2934 quod
402 2856 564 2933 priusnos
578 2853 734 2928 existebat,
753 2854 808 2914 doe
821 2871 946 2915 caueam
968 2855 1078 2916 tradet:
1094 2873 1172 2918 eece
1187 2857 1291 2937 prius

190 2954 317 3034 cipium
341 2953 550 3013 causatitatis.
567 2951 652 3031 Ergo
677 2952 726 3013 vei
750 2965 927 3033 utrumque
941 2954 1119 3016 obscurum
1145 2964 1206 3029 est,
1232 2955 1280 3017 vel

191 3062 370 3130 utrumque
392 3062 553 3129 apertum.
567 3051 733 3112 Ceterum·
743 3050 853 3113 neseio
868 3051 948 3131 quid
964 3052 1028 3113 sibi
1043 3052 1139 3115 veliet
1157 3054 1280 3133 Begue-

102 3188 105 3192 ·
192 3151 293 3224 tinus,
321 3168 424 3231 quum
454 3150 632 3212 existentiae
657 3134 754 3212 realis
779 3150 947 3212 notionem
973 3152 1153 3214 existentia
1182 3151 1280 3214 ideali

190 3242 390 3334 opponebat.
405 3249 486 3321 Quid
500 3250 588 3311 enim
602 3262 650 3311 est
661 3250 750 3311 atiud
766 3251 937 3311 existentia
949 3249 1076 3326 idealis,
1090 3269 1192 3331 quam
1205 3250 1282 3314 idea

191 3368 250 3411 seu
268 3348 359 3409 notio
374 3338 550 3408 existentia
566 3348 680 3408 reaiis‘i

233 3446 306 3509 325.
331 3445 390 3509 ot.
409 3444 449 3507 lt.
467 3445 671 3524 Principium
688 3444 825 3508 rationis
844 3443 1035 3507 sufficientis
1056 3444 1127 3506 sine
1154 3444 1281 3508 circulo

191 3546 310 3608 vitioso
327 3528 546 3606 demonstrari
562 3561 627 3605 non
646 3553 762 3622 potest.
1264 3617 1266 3620 Ι

234 3647 315 3707 Nam
331 3642 565 3704 demonstratio
585 3642 723 3721 alieuius
745 3640 981 3722 propositionis
1008 3641 1073 3704 huc
1097 3641 1230 3716 recidit,
1248 3649 1283 3705 ut

189 3743 375 3821 assignetur
389 3742 472 3803 ratio
494 3739 670 3814 sufficiens,
688 3750 821 3821 propter
849 3759 946 3821 quam
977 3741 1172 3804 attributam
1196 3740 1282 3803 affir-

191 3843 275 3914 mari
293 3842 396 3920 possit
411 3841 450 3901 de
465 3837 625 3919 subjecto.
965 3895 975 3912 ,

233 3938 318 4017 Ergo
334 3938 389 4018 qui
417 3937 544 4018 aliquid
571 3938 797 4000 demonstrare
820 3937 1020 4019 aggreditur,
1037 3938 1200 4020 supponit
1215 3951 1282 3999 non
