2792 4600
501 368 731 426 tisanarium,
756 367 848 413 muns
870 369 900 413 v.
1198 351 1259 415 295

169 483 308 559 nicatur,
325 502 361 546 ac
375 501 432 565 per
447 484 556 565 ipsum
571 482 780 564 corporibus.
793 483 972 549 Obscurum
986 490 1073 545 certe
1088 463 1259 546 adhuc'est

169 581 338 663 quomodo
354 583 569 663 phaeuomena
584 581 786 644 attractionis
804 582 1037 662 producantur.
1054 579 1118 645 Sed
1136 582 1162 645 si
1180 599 1257 662 pro·

167 679 277 742 blema
299 699 366 744 non
389 690 436 743 est
457 680 594 743 omnino
616 679 773 756 solutum,
799 679 957 742 habemus
978 680 1197 744 nihilominus
1221 699 1258 743 ea

168 778 292 859 quibus
307 779 388 842 solvi
405 779 520 861 possit.

210 876 259 939 dd
271 876 323 942 2¹¹¹.
340 876 376 939 lu
393 893 570 960 corporum
586 876 795 940 clastioorum
812 877 986 940 collisione
1002 877 1171 940 moleculae
1186 887 1257 941 cor·

167 976 259 1057 peris
276 976 410 1059 impulsi
428 976 537 1058 primo
552 976 685 1058 quidem
700 976 822 1040 cedunt
835 976 996 1058 pressioni
1009 976 1056 1039 ab'
1068 976 1257 1057 impellente

167 1075 407 1153 exercitae3sed
423 1074 500 1138 dein
516 1094 550 1137 se
566 1076 599 1137 in
617 1076 788 1157 pristinam
806 1076 1004 1157 positionem
1017 1074 1205 1149 restituunt,
1219 1093 1256 1138 ac

166 1180 247 1236 tunc
263 1173 435 1254 impellens
450 1171 626 1254 repellunt.
651 1172 716 1235 Cur
731 1183 838 1236 autem
855 1173 1026 1236 moleculae
1041 1172 1164 1235 clastici
1182 1161 1255 1235 cor-

166 1271 259 1353 poris
282 1291 316 1334 se
338 1272 372 1334 in
388 1271 560 1353 pristinam
586 1270 784 1352 positionem
800 1271 996 1334 restituunt?
1011 1270 1161 1334 Profecto
1177 1268 1255 1351 quia

166 1370 247 1453 ipsae
262 1390 394 1453 quoque
406 1371 623 1453 repelluntur.

210 1467 280 1542 tes.
304 1472 482 1534 Prorosmo
503 1470 556 1534 vt.
579 1467 677 1532 Nullo
705 1476 859 1533 enecetur
884 1470 965 1533 actio
993 1470 1090 1533 unius
1118 1469 1255 1550 corporis

163 1569 202 1631 itt
215 1570 354 1642 alterum,
371 1569 437 1630 sine
449 1568 600 1631 reuctiotte
613 1569 726 1649 aepualt'
739 1576 768 1630 ct
782 1571 952 1633 contraria.

209 1668 348 1770 {wylle
363 1677 411 1731 est
425 1668 510 1731 actio
526 1667 597 1730 sine
610 1668 787 1731 reactione.

104 1794 110 1804 ·
206 1768 335 1832 Etenim
362 1785 536 1849 corpusv.
553 1784 602 1847 gr.
630 1759 671 1844 A,
700 1768 766 1848 agit
782 1768 816 1829 in
844 1786 963 1849 corpus
989 1768 1028 1846 B,
1057 1768 1165 1849 ipsum
1181 1777 1253 1831 tau-

161 1866 271 1945 gendo
286 1876 383 1948 etque
397 1864 611 1945 impellendo.
629 1859 662 1928 Si
679 1885 800 1946 corpus
814 1864 842 1928 ’Β
857 1867 1020 1948 penetrari
1037 1875 1158 1949 posset,
1177 1884 1253 1948 pro·

165 1963 249 2028 fecto
265 1965 429 2047 corpusA
458 1983 518 2046 per
544 1965 651 2046 ipsum
680 1964 813 2046 impune
829 1984 866 2029 ac
892 1966 963 2028 siue
978 1966 1044 2029 utta
1069 1964 1254 2028 resistentia

163 2064 339 2146 trajiceret,
357 2063 636 2145 quemadmodum
661 2064 688 2125 si
703 2075 887 2128 versaretur
902 2067 935 2127 iu
959 2084 1078 2141 vacu03
1096 2064 1254 2145 nullaque

164 2163 200 2225 iu
215 2165 274 2226 hac
291 2164 463 2246 hypothesi
480 2163 612 2227 daretur
627 2164 713 2228 actio
729 2165 878 2245 corporis
893 2166 920 2227 A
936 2165 968 2226 in
987 2164 1025 2227 Β.
1041 2157 1081 2226 dt
1096 2163 1252 2246 quoniam

162 2280 283 2344 eorpus
304 2263 330 2326 Β
351 2257 603 2344 impenetrabile
625 2273 683 2341 est,
710 2264 831 2328 resistit
853 2255 1006 2327 adversus
1032 2263 1075 2338 A,
1101 2262 1253 2344 viresque

162 2363 267 2427 exerit
283 2364 480 2426 necessarias
495 2364 534 2425 ad
549 2362 624 2440 hoo,
641 2372 677 2426 ut
694 2362 874 2445 penetratio
890 2361 1101 2444 impediatur.
1115 2361 1178 2424 Sed
1195 2380 1253 2442 pe·

162 2462 304 2524 uetratio
317 2462 472 2542 impediri
487 2463 613 2543 nequit,
631 2462 696 2524 nisi
711 2460 902 2544 repellendo
918 2460 1076 2541 ipsumd.
1090 2460 1164 2523 llaec
1175 2476 1252 2523 vero

161 2561 310 2641 repulsio
325 2571 373 2623 est
388 2562 521 2639 reontio,
545 2562 698 2625 videlicet
714 2562 798 2624 actio
813 2560 965 2641 patieutis
988 2560 1022 2621 in
1038 2577 1148 2640 agens.
1165 2559 1251 2640 Ergo

161 2659 254 2721 nulla
269 2668 317 2721 est
331 2679 508 2741 corporum
524 2661 609 2724 actio
624 2661 695 2723 sine
709 2659 885 2724 reaotione.

203 2755 383 2823 2⁰Reactic
399 2770 447 2822 est
461 2760 581 2823 actioni
599 2760 747 2842 equalis.

201 2855 282 2920 Nam
295 2857 343 2919 vis
359 2876 421 2939 qua
433 2874 553 2940 corpus
565 2858 600 2919 in
613 2857 769 2921 condictu
781 2855 1000 2939 penetratioui
1013 2855 1148 2931 resistit,
1162 2862 1250 2917 tanta

160 2962 210 3018 est
225 2964 345 3035 quanta
361 2955 399 3017 ad
416 2955 565 3018 ellectum
581 2955 773 3037 requiritur.
788 2956 822 3022 Si
839 2956 940 3037 igitur
954 2972 1074 3037 corpus
1089 2956 1116 3017 A
1135 2971 1251 3033 urgea-

116 3054 142 3137 ,Ῐ
160 3062 216 3116 tur
231 3048 351 3117 iuBri
369 3064 404 3117 ut
419 3055 497 3132 duo,
518 3054 783 3138 Brepelletdvi
801 3066 835 3120 ut
852 3058 931 3131 duo,
951 3075 989 3118 ac
1004 3055 1148 3118 vicissim
1164 3052 1247 3118 abA

159 3151 276 3217 eadem
291 3153 320 3214 ri
337 3153 528 3235 repelletur·

200 3249 235 3313 5⁰
249 3253 381 3317 Reactio
393 3265 441 3316 est
456 3253 574 3317 actioni
591 3242 767 3321 contraria.

201 3348 296 3414 Ratio
319 3359 377 3429 est,
401 3352 478 3434 quia
500 3353 639 3418 directio
668 3354 716 3417 vis
738 3353 999 3435 penetrationem
1022 3346 1247 3433 impedientis,

158 3467 289 3531 semper
304 3470 375 3513 esse
390 3451 487 3514 debet
506 3451 680 3533 ejusmodi,
708 3462 742 3516 ut
759 3470 936 3535 corporum
952 3450 1134 3533 penetratio
1150 3467 1249 3531 quam

159 3548 406 3628 promptissime
421 3558 590 3614 arceatur:
608 3568 702 3613 secus
714 3551 919 3633 aliquantulo
935 3562 1082 3630 tempore
1098 3559 1247 3631 pcnetra-

95 3707 102 3717 ,
158 3643 206 3706 tio
222 3644 324 3708 lieret.
342 3648 427 3728 Ergo
438 3647 487 3709 vis
500 3646 712 3729 impedientis
724 3649 863 3712 directio
875 3647 1051 3713 directioni
1067 3647 1114 3709 vis
1130 3646 1248 3728 impel-

157 3741 256 3804 lentis
274 3763 290 3806 e
306 3745 467 3809 diametro
480 3747 632 3826 opposita
644 3748 685 3809 sit
703 3757 830 3829 oportet
845 3751 894 3827 (t).

202 3841 272 3906 tad.
296 3843 340 3907 Ex
365 3845 417 3908 his
439 3846 580 3910 deduces
604 3846 906 3928 impenetrabilitati
929 3845 963 3909 in
980 3845 1097 3928 primis
1114 3842 1251 3908 deberit·

189 3973 218 4028 (r)
229 3972 264 4020 ct.
284 3974 366 4021 Euleri
378 3976 541 4034 opusculum:
556 3976 701 4026 sectaretur
711 3990 755 4025 sur
774 3977 885 4038 t'orr'pine
894 3978 937 4025 des
951 3977 1041 4037 forces.
1052 3976 1137 4024 Exstat
1147 3975 1172 4020 in
1183 3974 1246 4020 litat.
1303 3970 1321 3997 ⁶

155 4044 190 4092 de
198 4045 286 4095 l'dcud.
298 4052 388 4108 roycte.
397 4077 425 4087 -
438 4052 519 4099 Berlin
530 4065 554 4100 a.
565 4050 633 4100 atto.
