2792 4600
441 354 526 399 trena
548 351 709 411 securum,
733 351 825 397 aanor
846 347 891 396 m.
1142 331 1202 394 att

121 488 211 544 nere,
239 469 272 531 in
303 469 410 550 iisque
433 471 512 531 tales
540 471 626 531 ciere
650 478 768 541 arctus,
788 476 823 530 ut
840 466 957 548 exinde
974 466 1057 527 vires
1074 465 1210 529 diversa

123 587 204 649 quas
219 568 354 631 materia
369 585 458 630 nunc
472 568 630 650 possidet,
654 568 860 643 resultarent,
877 585 914 629 ac
928 566 1004 629 dein
1020 584 1058 628 ex
1075 566 1115 627 iis
1133 565 1213 630 viri-

124 670 185 730 bus
198 686 257 748 per
270 667 374 730 varias
385 667 627 730 vicissitudines
641 668 711 729 bac
724 649 836 729 rerum
849 665 1040 730 universitas
1055 666 1212 727 oriretur.

124 765 444 847 Curergodicemus,
459 775 638 854 creatorem
648 765 767 829 atomis
780 782 850 826 eam
865 764 1216 843 dispositionemeum·

126 882 191 943 que
204 873 329 927 motum
346 881 411 926 non
429 863 583 926 dedisse?

168 961 200 1023 5⁰
215 961 278 1025 Sed
291 944 443 1042 erpaniea
454 979 593 1042 corpora
606 962 796 1024 ulteriorem
809 960 918 1022 adhuc
933 960 1089 1021 creatoris
1104 976 1218 1020 euram

128 1059 390 1141 expostulabant.
408 1058 527 1123 Omnes
543 1059 632 1121 enim
649 1069 811 1140 quotquot
830 1068 906 1121 sunt
921 1057 1065 1119 materiae
1087 1058 1221 1137 inorga·

131 1159 213 1220 nicae
227 1159 391 1221 attributae
412 1159 509 1232 vires,
533 1176 669 1240 prorsus
691 1158 809 1238 ineptae
831 1167 907 1220 sunt
930 1157 969 1218 ad
1001 1156 1127 1237 plantas
1149 1154 1224 1216 ani·

132 1269 322 1338 mentesque
338 1257 548 1338 effingendas.
562 1255 685 1318 Plantae
703 1256 792 1319 enim
807 1275 837 1320 v.
854 1274 903 1337 gr.
921 1276 959 1318 ex
971 1256 1155 1318 seminibus
1171 1255 1224 1317 vel

133 1376 168 1419 ex
186 1357 260 1419 aliis
283 1356 403 1437 plantis
416 1356 686 1439 progerminant;
704 1355 829 1418 semina
850 1366 958 1418 autem
975 1356 1008 1417 in
1025 1356 1146 1437 plantis
1169 1374 1224 1417 so-

136 1456 305 1520 lummodo
321 1455 542 1518 elaberentur.
556 1454 627 1518 lmo
642 1455 823 1518 substantia
839 1455 958 1531 omnis,
976 1456 1041 1517 sive
1060 1454 1225 1536 vegetalis,

135 1554 202 1617 sive
223 1553 387 1628 animalis,
405 1554 471 1616 sive
489 1553 628 1635 liquida,
647 1554 715 1614 sive
730 1553 848 1627 solida,
866 1553 950 1615 intra
973 1556 1043 1633 ipsa
1068 1553 1226 1632 vegetalia

137 1659 167 1714 et
178 1651 333 1714 animalia
345 1653 510 1727 duntaxat,
524 1669 561 1712 ac
573 1650 691 1713 mediis
705 1652 846 1730 organis,
861 1651 1229 1715 nousolismecbanicis

138 1759 193 1813 aut
211 1750 363 1813 chimicis
380 1749 517 1824 viribus,
545 1748 719 1817 conflatur.
740 1749 936 1829 Eademque
962 1750 1011 1812 hae
1036 1750 1229 1812 substantiae

138 1849 301 1931 organicae
323 1858 412 1911 extra
432 1863 565 1928 organa,
585 1859 616 1910 et
632 1847 672 1908 ab
697 1848 822 1909 influxu
843 1848 915 1910 vitae
936 1859 1080 1923 remotae,
1098 1858 1226 1911 tantum

139 1948 230 2012 abest
244 1956 280 2011 ut
292 1949 418 2029 plantas
434 1959 487 2010 aut
500 1946 653 2009 animalia
677 1945 805 2009 efficere
821 1948 959 2028 possint,
976 1956 1012 2010 ut
1025 1948 1091 2010 imo
1104 1948 1144 2011 ad
1158 1966 1228 2010 mo·

138 2051 217 2111 dum
248 2045 504 2110 substantiarum
531 2044 742 2108 mineralium
759 2046 961 2128 crystallinas
987 2046 1108 2110 formas
1134 2067 1230 2112 assu·

141 2157 241 2221 mant,
263 2166 299 2209 ac
320 2145 464 2209 materiae
490 2145 687 2226 iuorganicae
713 2146 800 2227 leges
816 2148 849 2208 in
866 2146 1020 2210 omnibus
1036 2156 1230 2229 sequantur.

140 2249 222 2313 Sunt
243 2264 321 2328 ergo
345 2246 383 2308 iu·
402 2244 599 2328 corporibus
622 2246 787 2329 organicis
810 2248 895 2310 vires
914 2248 1078 2311 naturales
1100 2248 1141 2310 ad
1164 2248 1228 2313 sibl

141 2346 260 2409 similia
272 2336 446 2425 gignenda,
461 2344 517 2406 sed
534 2344 625 2407 nulla
639 2353 687 2407 est
701 2344 948 2425 visbujusmodi
967 2346 1000 2407 in
1017 2347 1232 2410 naturainor-

140 2446 266 2526 gauloe.
283 2444 462 2509 Peculiaris
477 2443 778 2507 illamoleoularum
795 2443 985 2506 distributio
998 2454 1029 2506 et
1041 2447 1232 2526 conjunctio

142 2562 241 2626 quam
256 2543 534 2624 organisationem
554 2542 708 2618 dicimus,
726 2560 786 2603 nec
803 2560 860 2623 per
875 2537 1039 2623 chimicas
1065 2547 1232 2608 attractio·

142 2660 211 2718 nes,
230 2659 292 2706 neo
318 2660 376 2722 per
403 2641 660 2717 electricitatem,
677 2658 737 2703 nec
762 2641 933 2722 paraliam
958 2643 1148 2721 hujusmodi
1166 2645 1233 2708 vim

143 2757 374 2822 quamcunque
389 2738 505 2820 perfici
519 2739 627 2819 primo
648 2738 766 2819 potuit.
973 2812 975 2815 v

184 2836 257 2902 299.
274 2836 367 2913 Quod
383 2836 411 2899 si
427 2846 535 2899 essent
547 2836 580 2897 in
591 2837 727 2898 materia
738 2837 927 2900 elementari
940 2839 1074 2902 virtutes
1087 2842 1150 2905 illae
1163 2842 1235 2922 pla·

142 2937 232 2999 sticae
244 2936 356 2999 nescio
372 2953 456 3017 quae,
474 2935 595 3016 quibus
610 2934 737 3016 plantas
752 2946 782 2999 et
795 2935 976 2998 animantes
992 2938 1100 3020 primo
1114 2939 1236 3002 iorma·

139 3039 192 3098 'tas
207 3052 277 3098 esse
296 3034 432 3116 quidam
453 3035 606 3097 somniati
628 3043 721 3109 sunt,
746 3053 804 3097 cur
827 3036 876 3098 bae
896 3038 980 3098 vires
1003 3055 1069 3100 non
1092 3037 1239 3119 amplius

142 3141 322 3216 operantur
335 3134 350 3195 i
363 3132 428 3196 Cur
443 3149 611 3214 nunquam
627 3133 738 3196 videre
751 3134 846 3197 licuit
860 3153 962 3216 equos
977 3144 1031 3198 aut
1049 3137 1200 3200 homines
1216 3156 1238 3200 e

145 3234 279 3313 pulvere
304 3243 526 3312 erumpentes,
554 3242 608 3303 ant
628 3233 754 3313 plantas
769 3232 840 3295 siue
866 3235 992 3297 semine
1021 3234 1237 3301 fruticantesi

143 3332 239 3394 Certe
255 3349 357 3412 quum
379 3332 477 3393 tellus
500 3348 553 3393 eas
578 3348 754 3411 corporum
770 3331 1000 3410 organicorum
1017 3334 1142 3415 species
1158 3355 1239 3417 pro·

144 3429 250 3502 duxit,
268 3447 341 3510 qua
354 3427 533 3491 hodiedum
551 3427 586 3489 in
602 3438 639 3490 ea
654 3428 774 3509 vigent,
792 3437 909 3491 statum
923 3432 1073 3509 praesenti
1092 3433 1237 3498 similem

143 3528 330 3590 obtinuisse
353 3525 497 3607 putanda
521 3535 580 3588 est.
611 3525 676 3588 Cur
695 3543 772 3605 ergo
799 3544 871 3607 quae
893 3528 983 3608 prius
1001 3539 1067 3591 tam
1085 3530 1239 3597 foecunda

41 3668 55 3695 .;
146 3642 265 3707 parens
280 3626 352 3700 tuit,
367 3629 466 3689 modo
482 3625 602 3688 sterilis
618 3626 700 3688 iacta
714 3626 780 3687 est?
797 3625 981 3690 Praesertim
997 3648 1099 3710 quum
1111 3635 1239 3715 species

146 3727 214 3788 illae
229 3734 426 3801 atomorum,
443 3743 482 3786 ex
497 3741 636 3805 quarum
652 3742 813 3789 cttnoursu
830 3742 968 3805 corpora
990 3729 1143 3809 organica
1158 3750 1239 3814 pro-

146 3823 253 3897 diere,
270 3823 304 3885 in
319 3840 430 3884 rerum
446 3821 680 3893 naturaadbuc
696 3822 887 3887 subsistant.

191 3919 260 3983 aot.
282 3920 344 3983 Sed
365 3921 405 3982 de
420 3919 619 3993 animalibus
645 3920 728 3983 illud
751 3940 883 4003 quoque
910 3924 1089 3989 notandum
1110 3940 1182 3993 est:
1200 3949 1240 3994 ea

145 4036 218 4082 non
245 4021 352 4082 solum
373 4021 528 4100 organico
557 4035 696 4110 corpore
718 4032 877 4097 constare,
895 4022 951 4084 sed
978 4026 1086 4088 anima
1103 4029 1241 4110 insuper

883 4214 896 4249 Ι
