2792 4600
486 256 572 300 tiene
594 255 755 312 senonens,
779 256 870 300 curor
891 257 919 299 v.
1204 240 1261 302 ttl

217 370 250 432 5⁰
273 369 399 432 Formae
414 371 594 451 unulopicoe.
609 370 645 433 ln
658 372 842 450 composito
856 391 893 431 en
910 370 1058 451 partibus
1072 373 1264 450 integrenti·

168 466 236 529 bns
249 467 363 530 lormae
375 469 531 530 dicuntur
544 478 694 548 respectu
709 475 898 530 ceterarum
914 478 1019 548 partes
1032 469 1107 542 illae,
1118 488 1190 549 quae
1204 488 1265 535 cae·

167 567 253 627 teris
277 567 556 646 complementum
581 568 693 630 afferre
708 568 871 630 videntur.
890 570 934 632 lta
950 577 1047 647 caput
1063 568 1097 629 in
1115 568 1262 645 bomine,

166 672 294 726 tectum
311 663 344 726 in
361 664 514 728 aedilicio.
529 664 714 730 Universim
742 665 775 726 id
799 666 886 745 quod
904 666 951 728 rei
967 666 1006 727 ad
1024 667 1118 747 plura
1135 666 1265 731 indiffe-

167 763 260 849 renti
276 763 393 826 tribuit
408 764 670 839 destinationem,
685 784 793 839 usum,
807 765 982 828 efficaciam
999 765 1260 841 determinatam,
1353 765 1356 769 ’

166 860 279 925 forma
294 862 415 925 dieitur
432 883 489 943 per
503 865 698 944 analogiam.
716 866 784 928 lloc
800 872 893 945 pacto
910 865 1128 944 promulgatio
1142 864 1264 928 dicitur

167 959 382 1042 formationis,
396 963 593 1044 etlbeologi
612 965 645 1026 in
657 964 874 1026 Sacramentis
891 964 1058 1024 materiam
1076 972 1107 1024 et
1122 961 1261 1025 sormam

165 1058 391 1140 distinguunt.

160 1208 162 1211 v
212 1175 286 1241 508.
303 1178 349 1240 Ex
365 1177 418 1240 his
432 1197 505 1259 quae
520 1179 561 1241 de
577 1178 712 1241 materia
728 1188 758 1240 et
775 1178 878 1241 forma
894 1179 1078 1250 dictasunt,
1094 1177 1261 1256 intelliges
1334 1246 1336 1249 ,

160 1275 204 1352 10
220 1273 301 1354 quid
318 1275 504 1355 significent
529 1277 585 1338 illa
603 1294 610 1341 :
626 1279 755 1358 produci
770 1296 809 1339 cac
822 1277 922 1339 nihilo
935 1277 995 1351 sui,
1011 1277 1141 1356 produci
1155 1295 1194 1338 ccc
1208 1276 1260 1336 ni-

165 1372 236 1433 hilo
249 1373 384 1454 subjecti.

212 1488 411 1552 Producitur
424 1510 462 1552 erc
476 1492 576 1553 nitito
591 1493 641 1553 cui
656 1492 687 1552 id
705 1510 803 1554 omne
819 1490 908 1572 quod
924 1491 1050 1553 actione
1066 1489 1190 1569 agentis
1206 1507 1257 1551 es-

165 1587 308 1649 sentiam
331 1589 451 1669 accipit
469 1581 718 1652 determinatam
741 1597 772 1652 et
788 1588 1004 1661 individuam,
1022 1606 1095 1669 quae
1113 1587 1203 1666 prius
1219 1587 1254 1647 in

163 1701 281 1748 rerum
296 1700 411 1749 natura
426 1705 492 1750 non
508 1697 587 1750 erat.

210 1802 410 1866 Producitur
424 1823 463 1865 cx
477 1805 577 1865 nitito
591 1802 717 1884 subjecti
742 1802 774 1863 id
803 1802 892 1883 quod
911 1821 947 1865 ex
966 1802 1101 1864 materia
1118 1801 1254 1883 praeexi·

163 1906 285 1973 stente,
300 1901 348 1962 vel
366 1920 404 1962 ex
420 1902 567 1981 partibus
582 1902 859 1982 componentibus
876 1919 940 1964 non
958 1901 1012 1994 fit..
1073 1982 1079 1992 ὁ

208 2014 264 2077 Ec
277 2017 376 2078 nihilo
389 2019 562 2080 suietcon
589 2018 723 2098 subjecti,
754 2017 858 2080 forma
887 2018 996 2080 omnis
1025 2016 1092 2079 sive
1122 2015 1256 2095 proprie

164 2110 255 2174 dicta
270 2113 338 2175 sive
354 2115 536 2196 improprie
552 2117 647 2195 (507),
667 2136 740 2197 quae
755 2118 802 2179 vel
819 2135 857 2177 ex
874 2115 1008 2177 materia
1024 2114 1187 2189 educitur,
1205 2111 1255 2175 vel

164 2229 205 2273 ex
222 2212 372 2292 partibus
387 2216 664 2310 componentibus
681 2216 832 2280 efficitur.
1210 2231 1212 2235 ’

205 2328 261 2393 Eat
274 2331 439 2408 nibilosui
453 2343 484 2393 et
507 2332 644 2412 subjecti,
670 2352 728 2396 seu
757 2353 795 2395 etc
819 2333 919 2395 ciliilo
947 2332 1079 2394 absolute
1106 2329 1137 2390 id
1165 2327 1254 2407 quod

162 2428 341 2499 essentiam
356 2429 475 2510 accipit
489 2447 588 2510 quam
612 2431 703 2511 prius
726 2450 791 2495 non
817 2429 966 2505 babebat,
984 2447 1123 2509 quaeque
1139 2445 1198 2489 nec
1213 2445 1252 2489 ex

64 2552 66 2554 ·
165 2528 361 2607 praejacente
377 2529 511 2591 materia
523 2528 685 2604 educitur,
704 2548 810 2610 neque
825 2549 863 2591 ex
879 2528 1026 2610 partibus
1042 2526 1251 2608 praeexisten·

164 2626 255 2690 tibus
270 2627 442 2694 conflatur.
643 2682 654 2717 ι

201 2740 372 2823 Intelliges
385 2743 416 2805 2⁰
430 2744 510 2824 qnid
527 2744 589 2831 sibi
606 2745 708 2807 velint
724 2744 794 2806 base
806 2743 881 2818 alia,
899 2762 970 2824 quae
987 2739 1251 2822 frequentissime

164 2850 345 2903 occurrunt
358 2843 442 2923 epud
458 2855 593 2909 veteres:
609 2846 769 2907 materiam
781 2862 839 2905 cecc
850 2843 1029 2923 potentium,
1043 2840 1176 2921 formum
1190 2857 1250 2900 esse

163 2945 280 3001 cctam.
292 2938 413 3021 Nempe
425 2940 620 3020 subjectum,
633 2941 701 3004 sive
713 2941 905 3004 inbaesionis
916 2942 984 3002 sive
993 2936 1248 3011 informationis,

166 3055 269 3117 quum
291 3037 430 3101 formam
448 3058 514 3103 non
532 3042 639 3116 babet,
657 3048 763 3122 potest
778 3040 995 3103 nibilominus
1011 3037 1101 3100 illam
1119 3035 1250 3110 babere,

164 3143 197 3196 et
213 3135 336 3198 idcirco
351 3147 399 3199 est
415 3139 448 3199 in
466 3139 609 3218 potentia
622 3150 772 3219 respectu
786 3139 888 3201 illins.
901 3138 1019 3200 Forma
1031 3155 1106 3199 vero
1118 3134 1250 3216 quando

166 3236 309 3299 materie
331 3239 551 3318 conjungitur,
575 3241 643 3301 sive
670 3238 710 3300 ab
740 3239 798 3300 illa
824 3238 980 3301 educatur
1002 3235 1069 3298 sive
1091 3252 1171 3311 non,
1196 3233 1251 3296 det

163 3335 347 3413 composito
363 3344 398 3397 ut
421 3344 494 3398 actu
510 3338 551 3399 sit
565 3337 727 3416 ejusmodi
743 3335 973 3416 compositum,
992 3344 1022 3397 et
1037 3333 1179 3395 materie
1195 3333 1250 3394 dat

166 3442 200 3494 nt
213 3434 253 3493 ad
269 3447 389 3495 certam
404 3438 488 3497 entis
503 3437 646 3517 speciem
668 3448 700 3501 et
721 3437 760 3500 ad
785 3445 910 3500 eertum
925 3447 1032 3498 actum
1048 3433 1177 3496 essendi
1194 3432 1250 3494 de·

165 3534 369 3597 terminetur.
505 3527 507 3530 ’
1351 3605 1353 3614 y

205 3631 309 3697 *509.
335 3637 514 3699 Paorosrrio
537 3635 562 3700 l.
584 3638 718 3703 Materia
742 3637 894 3700 rationem
921 3634 1009 3697 dubet
1033 3653 1109 3696 ocroe
1134 3649 1244 3695 cause.
1348 3705 1351 3714 ,

203 3731 258 3794 Est
274 3731 304 3792 l⁰
326 3751 421 3797 causa
436 3735 614 3799 intrinseca
629 3746 779 3817 respectu
796 3717 983 3815 composi-li,
1001 3734 1057 3795 list
1071 3730 1159 3794 enim
1176 3730 1245 3808 eius
1369 3739 1370 3746 ’

166 3847 237 3910 pars
258 3832 441 3895 essentialis
463 3853 501 3897 ac
522 3838 705 3899 necessario
728 3834 894 3916 requisita,
912 3841 947 3895 ut
962 3831 1191 3912 supponimus
1210 3828 1244 3889 in
1298 3842 1300 3846 ·
1344 3839 1347 3928 't
1367 3845 1370 3926 ι

166 3923 221 3991 ἱΙΙο
235 3932 429 4010 composito,
444 3933 591 4014 adeoque
603 3934 712 3997 influit
727 3936 761 3996 in
776 3951 845 3997 esse
861 3932 977 4013 ipsius.
987 3929 1065 4004 Quis
1077 3926 1246 3991 enimvero
1367 3939 1370 3996 l
