2792 4600
442 326 529 390 sinan
553 345 715 404 sncuunuS,
738 345 831 391 cirur
851 346 881 391 v.
1110 390 1113 395 ,
1152 329 1214 395 131

123 455 227 539 simul
242 466 446 522 concurrunt
469 459 508 520 ad
527 476 628 521 unmn
646 459 866 542 eumdemque
882 461 1042 538 effectum,
1058 480 1217 528 conrnune
1260 472 1264 479 '

124 558 354 622 nominantur.

32 642 33 651 ’
167 653 201 716 6⁰
219 654 368 732 Uniunca,
385 674 458 736 quie
474 655 623 718 effectum
650 655 804 737 producit
819 658 958 720 essentia
973 658 1037 722 sibi
1057 661 1215 739 similem,

31 788 32 811 2
126 764 163 816 ut
179 764 228 814 est
242 754 373 834 planta;
389 756 553 834 equivoco,
570 773 642 836 quae
658 756 806 817 effectum
824 756 977 836 producit
1001 763 1149 824 essentias
1165 763 1214 825 di·

30 894 31 907 ,
123 871 240 926 versae,
257 866 293 915 ut
308 864 357 915 est
373 854 499 917 artifex.

169 952 354 1041 7⁰›Pltysicu
370 964 417 1015 est
432 971 527 1014 cansa
552 972 624 1035 quae
639 953 789 1016 effectum
819 955 903 1035 parit
925 954 1043 1019 virtute
1066 942 1214 1040 propria,

122 1052 194 1112 sive
211 1051 386 1131 principali
403 1050 470 1113 sive
482 1052 741 1115 instrumentali.
758 1052 898 1126 Metelis,
915 1070 988 1134 quae
1003 1054 1122 1119 virtute
1139 1078 1216 1138 pro·

123 1150 200 1229 pria
212 1169 273 1213 nec
290 1151 441 1232 producit
457 1152 605 1215 effectum
628 1169 689 1213 nec
715 1152 755 1213 ad
773 1151 867 1213 illum
881 1154 1128 1232 producendum
1145 1159 1216 1223 ullo

123 1250 229 1312 rriodo
241 1260 448 1330 cooperatur,
462 1252 517 1314 sed
534 1251 640 1314 solum
656 1250 753 1314 uliam
769 1268 899 1313 cansam
916 1264 971 1315 aut
985 1253 1214 1337 aliampoten-

123 1350 208 1410 tiam
221 1349 367 1429 eiusdem
383 1350 544 1432 suppositi
558 1351 670 1431 aliquo
684 1349 783 1412 modo
800 1349 926 1412 inducit
941 1351 980 1413 ad
997 1358 1215 1435 operandum.

124 1447 197 1510 lloc
213 1458 307 1527 pacto
333 1448 521 1529 imperium,
547 1448 735 1521 consilium,
753 1449 862 1521 minse,
877 1466 992 1529 preces
1021 1463 1098 1514 sunt
1111 1473 1217 1518 causae

125 1545 284 1620 morales,
301 1555 461 1626 quatenus
476 1546 614 1608 alterum
630 1547 670 1607 ad
683 1547 887 1626 operandum
904 1559 1045 1610 movent.
1064 1550 1110 1613 lta
1131 1534 1216 1633 nuo·

125 1661 194 1722 que
209 1644 325 1705 merita
342 1642 556 1706 veldemerita
568 1642 779 1729 praemiorum
789 1643 837 1704 vel
850 1658 1218 1724 poenasumsuntcausae

125 1742 280 1806 morales.
298 1740 369 1805 lmo
385 1741 482 1804 etiam
499 1730 648 1805 voluntas
668 1752 827 1803 causaest
845 1743 979 1805 moralis
994 1753 1137 1825 actuum,
1156 1753 1214 1832 qui

125 1857 145 1900 a
163 1839 290 1903 caeteris
316 1841 472 1922 potentiis
492 1841 562 1922 ipsa
578 1841 760 1922 imperante
786 1841 973 1917 eliciuntur,
989 1846 1113 1926 quique
1139 1867 1219 1929 pro·

128 1949 238 2019 pterea
246 1940 390 2020 imparati
398 1949 641 2020 nuncupantur.
650 1938 777 2002 idcirco
791 1940 824 2001 in
833 1939 1026 2003 definitione
1035 1943 1159 2008 dictum
1169 1959 1220 2010 est

126 2054 259 2099 causam
275 2039 433 2101 moralem
447 2038 604 2101 inducere
618 2037 659 2099 ad
674 2039 837 2116 agendum
850 2039 899 2100 vel
911 2038 1008 2102 aliam
1021 2058 1149 2105 causam
1165 2047 1216 2108 vel

125 2137 225 2197 aliam
244 2139 421 2217 potentiam
435 2138 581 2220 ejusdem
597 2136 771 2216 suppositi.

169 2237 260 2299 Patet
272 2255 311 2299 ex
327 2237 527 2313 discensum
540 2236 698 2300 moralem
715 2233 872 2296 inducere
888 2252 984 2316 posse
996 2238 1035 2299 ad
1051 2242 1216 2320 agendum

23 2387 24 2394 ,
127 2337 357 2400 tantummodo
372 2354 485 2399 causas
498 2336 583 2410 illas,
595 2352 667 2415 quae
679 2333 899 2413 cognoscendi
914 2332 1064 2399 facultate
1077 2339 1215 2418 pollent.

128 2432 207 2514 Ejus
227 2434 315 2496 enirn
342 2435 483 2498 efficacia
511 2451 578 2497 non
609 2433 796 2495 continetur
820 2433 965 2512 impulsu
993 2435 1139 2516 physico,
1158 2442 1215 2503 sed

128 2543 298 2595 exercetur
314 2533 349 2595 in
364 2536 448 2596 vires
464 2532 615 2614 physicas
642 2529 790 2604 alterius,
807 2529 972 2593 mediante
987 2532 1133 2612 ejusdem
1160 2556 1218 2601 cu-

125 2641 289 2710 gnitione.
339 2635 341 2638 ’

565 2830 729 2878 Anslculus
751 2829 797 2875 lll.

568 2962 778 3025 Tlscoremuto.

171 3114 244 3180 265.
275 3115 456 3179 Pnoeosrno
482 3114 508 3177 1.
541 3113 701 3195 Quidquid
728 3111 764 3173 iu
788 3108 894 3192 effectu
906 3111 1098 3191 perfectionis
1113 3129 1165 3192 est,
1183 3119 1221 3180 tu

132 3233 225 3278 cuuto
239 3216 338 3297 ipsius
353 3216 513 3296 adequctu
524 3214 627 3294 aliquo
642 3212 730 3273 modo
743 3209 993 3292 proecontinetur.

176 3307 266 3375 ilatio
283 3321 331 3374 est
346 3311 529 3375 manifesta.
546 3308 648 3372 Nemo
663 3310 718 3370 dat
729 3307 818 3389 quud
836 3324 901 3369 non
920 3306 1028 3371 habet.

177 3409 335 3474 Perfectio
350 3422 459 3472 autem
473 3410 606 3472 effectus
629 3405 859 3489 praecontineri
877 3417 981 3487 potest
998 3409 1030 3468 in
1047 3425 1142 3470 causa
1159 3414 1219 3473 tri·

141 3507 275 3587 pliciter.

179 3607 207 3667 l⁰
222 3606 422 3682 Formaliter,
432 3623 533 3687 quum
553 3602 771 3686 perfectiones
787 3601 958 3683 utriusque
970 3617 1045 3665 sunt
1058 3608 1090 3667 in
1107 3607 1219 3669 eadem

144 3706 255 3785 specie.
272 3705 326 3768 Sic
354 3707 387 3767 in
415 3704 503 3767 nube
533 3703 654 3785 pluvia,
673 3701 707 3764 in
733 3709 913 3765 atramento
942 3701 1112 3783 scripturae
1128 3708 1221 3769 color

145 3805 332 3868 continetur.

180 3903 411 3978 dilinimento,
428 3921 530 3984 quum
560 3919 656 3964 causa
686 3899 888 3981 perfectione
918 3899 1021 3979 pollet
1044 3900 1220 3966 nobilioris

145 4002 274 4079 ordinis,
288 4021 346 4085 per
362 4018 460 4085 quarn
477 4000 564 4063 idem
578 4009 706 4082 praestat
719 4009 749 4059 et
765 3995 864 4058 modo
877 3995 1118 4075 excellentiore,
1129 4001 1220 4081 quod

1045 4110 1069 4152 s.
