2792 4600
185 312 246 374 tat
682 328 782 373 runnu.

258 459 341 515 qnam
354 430 650 515 explicat.'hbsurdum
661 454 705 499 est
716 442 840 514 corporis
854 442 1003 499 essentiam
1016 451 1144 498 constare
1157 442 1198 497 vi-

259 520 338 574 ribus
352 518 496 589 oppositis.
512 518 734 573 Pantheistarum
749 516 910 589 hypothesis
921 517 955 572 de
970 516 1074 573 unitate
1087 525 1197 572 eontra-

261 592 364 646 riarnm
379 592 478 645 virium
493 590 629 647 refellitur
669 631 1196 647 .......
1217 588 1274 645 227

184 665 252 721 har.
262 666 306 721 lv.
321 670 474 726 Atamisraus
487 673 599 719 aeterum
612 669 729 729 rejicitur
749 664 870 720 ruant.
881 668 932 719 Nec
946 668 972 719 in
986 667 1197 719 calocetensium

257 744 407 807 peaeuetriea
429 743 540 804 carparis
554 743 664 793 essentia
677 742 728 792 rita
741 747 789 806 est,
814 754 860 792 nee
872 754 887 790 u
900 743 952 791 sala
965 748 1106 793 atomorum
1129 746 1198 792 rnatu

260 819 334 869 tacuit
347 830 478 878 manarum
491 817 637 871 constitutio
659 815 741 877 repeti
753 819 846 877 petest.
862 811 1004 868 Cartesius
1018 811 1088 879 3313
1102 810 1199 866 delinit

259 904 373 959 corpus
386 904 440 941 rem
449 896 579 940 eatensaru
593 892 620 939 in
631 892 741 953 laneum,
755 891 834 938 latam
848 895 873 939 et
879 889 1199 955 prasrauaunaconeeptus

259 961 384 1047 corporis
397 960 513 1016 etvacui
527 960 689 1030 permiscet·
691 960 762 1014 viam
777 960 865 1029 aperit
876 960 1113 1015 occasionalismo.
1130 958 1196 1015 Car

259 1035 321 1090 tesii
332 1045 359 1090 et
373 1033 568 1089 Mulehranehii
582 1042 743 1105 armoenia
757 1041 918 1088 evertuntur
943 1034 1031 1089 Motus
1044 1044 1198 1089 atomorum

209 1120 218 1125 ·
260 1109 356 1179 nequit
369 1107 537 1179 explicare
531 1123 653 1177 ipsarum
667 1105 864 1161 cohaesioncm-
857 1106 1069 1178 -chimicamque
1082 1104 1197 1166 affluite
1217 1178 1273 1237 m

259 1192 313 1237 lem
336 1221 861 1236 .......
1188 1222 1195 1237 ,

185 1254 252 1311 Anu.
268 1256 300 1311 V.
315 1258 743 1309 Statuituratunaismasclinicus.
759 1247 840 1308 Paos.
848 1253 893 1308 Vl.
908 1259 939 1309 Ut
952 1259 1199 1319 decarparumcan-

259 1333 395 1383 stitutione
403 1338 473 1383 recte
481 1333 623 1393 judicemus
634 1323 754 1382 rauiuersu
768 1331 794 1380 tn
804 1331 896 1392 primis
909 1332 1018 1382 etenira
1028 1332 1126 1383 theoria
1138 1332 1198 1397 sua-

261 1407 373 1456 dumenti
386 1408 438 1457 iaco
460 1408 596 1457 statuenda
609 1411 656 1457 est
677 1400 843 1473 llypothcsis
855 1401 992 1455 atomismi
1011 1401 1122 1457 chimisi
1142 1418 1197 1458 non

260 1477 342 1531 modo
353 1476 566 1546 prohalriliscst‚
581 1478 629 1532 seul
645 1475 853 1547 physicccerta.
869 1475 989 1530 Proinde
1005 1476 1101 1546 nequit
1111 1484 1198 1532 meta

232 1547 393 1621 physicus
418 1566 479 1605 cam
502 1550 628 1620 sujicere,
641 1549 812 1619 anataliquod
827 1556 947 1641 systema
970 1549 1110 1620 amplecti,
1124 1549 1197 1622 quod

258 1640 317 1679 3333
331 1634 436 1678 evertat
494 1663 1193 1679 .........
1215 1621 1272 1678 232

183 1697 251 1752 Aur.
262 1698 307 1752 lll
324 1698 427 1761 Obiecta
440 1701 585 1751 diluuntur.
602 1697 631 1752 Si
645 1695 837 1765 componentia
850 1703 910 1750 actu
926 1706 1068 1751 remanent
1081 1696 1110 1750 in
1122 1712 1198 1752 nom·

260 1772 361 1841 posito,
371 1771 537 1826 combinatio
548 1771 665 1826 chimica
679 1770 749 1825 nihil
760 1768 835 1824 aliud
846 1777 899 1836 est,
908 1785 989 1839 quam
1001 1769 1115 1825 mutatio
1128 1771 1200 1827 aoei-

261 1844 379 1899 dentnlis
395 1859 445 1899 nce
471 1843 563 1899 lillert
585 1845 619 1898 ah
633 1845 765 1915 operibus
790 1843 939 1910 antehactis,
955 1858 1016 1913 quae
1042 1842 1199 1899 efficiuntur

260 1918 432 1973 diversarum
441 1918 559 1987 partium
571 1916 1055 1987 conjunctione-essentiacorporum
1069 1918 1096 1971 in
1111 1918 1197 1974 moris

258 1991 449 2046 accidentibus
475 1992 753 2061 collocatur-corpora
773 2006 827 2045 uon
842 2000 908 2045 sunt
921 2006 1005 2045 3ιιιιι3
1022 2006 1072 2060 per
1085 2007 1127 2058 se,
1148 1992 1197 2048 sed

260 2064 1197 2135 unumparoecianus-componemuscompositouullatcnasspecie

258 2138 400 2206 ditiorum,
415 2138 463 2193 seul
479 2137 547 2193 solis
560 2139 796 2208 accidentibus-pr
796 2137 884 2192 *oiudc
898 2154 946 2208 pcr
959 2138 1082 2193 actiones
1095 2139 1196 2194 chimi-

257 2228 304 2267 cns
315 2212 390 2266 33113
417 2227 486 2267 nova
505 2213 658 2268 substantia
688 2211 861 2299 producitur,
876 2211 924 2267 scd
940 2211 1029 2267 solum
1044 2210 1114 2266 tinnt
1127 2228 1196 2268 aava

257 2295 403 2360 aggregata
426 2284 620 2343 accidentalia·
607 2302 683 2372 -quae
692 2286 789 2342 omnia
804 2294 868 2341 sunt
891 2286 1039 2354 contraria,
1055 2287 1195 2342 communi

258 2361 401 2415 hominum
425 2360 530 2416 sensui.
548 2361 716 2430 Snacnique
736 2360 843 2446 objecto
868 2360 1016 2416 adhibetur
1039 2362 1193 2439 responsio.

257 2434 416 2503 Explicatur
426 2434 588 2488 nominatim
602 2434 773 2489 discrimen'
767 2444 839 2488 mter
852 2434 1074 2489 commixtionem
1089 2436 1196 2490 mecha·

256 2509 346 2562 nicam
360 2520 387 2562 et
400 2507 546 2563 chimieam
572 2508 877 2567 combinationem-tum
892 2507 958 2578 qnid
983 2508 1019 2563 sit
1032 2509 1195 2578 compositio

257 2581 458 2647 substantialis,
478 2591 505 2636 et
528 2597 613 2635 unum
635 2597 684 2651 per
697 2597 738 2636 se.
754 2581 903 2652 Opponunt
925 2582 1040 2651 insuper
1055 2598 1062 2636 :
1078 2581 1194 2637 mixtum

257 2655 413 2708 manifestat
436 2670 519 2710 novas
543 2656 616 2709 vires
630 2671 769 2725 novasque
784 2655 978 2725 proprietates,
992 2655 1094 2725 quibus
1116 2671 1193 2711 com-

257 2729 390 2798 ponentis.
405 2729 545 2783 carebant.
568 2728 682 2800 rigentia
709 2729 855 2796 naturalia,
871 2728 894 2783 si
915 2744 1015 2784 novum
1038 2744 1101 2784 esse
1127 2731 1192 2785 suh

257 2801 384 2856 stantiale
413 2817 468 2855 uon
496 2801 661 2871 producant,
688 2802 758 2855 nihil
781 2811 875 2871 agunt.
903 2802 975 2875 Ergo
1000 2803 1193 2873 componentia

256 2890 311 2929 uon
331 2886 442 2929 manent
467 2883 528 2929 actu
542 2875 570 2929 in
585 2876 680 2930 mixto.
696 2875 813 2930 Theoria
836 2877 958 2930 materia
984 2885 1012 2932 et
1037 2876 1132 2932 lormae
1149 2885 1192 2932 cst

255 2948 464 3017 fundamentum
479 2949 616 3003 universae
638 2950 771 3003 doctrinae
786 2949 815 3004 S.
831 2949 943 3004 Thomas
963 2958 990 3004 et
1012 2949 1190 3005 scholastico-

255 3039 328 3089 rum,
343 3037 405 3093 quae
419 3034 445 3077 ct
458 3038 521 3077 vera
536 3031 579 3078 cst
592 3033 619 3077 ct
633 3023 707 3077 omni
722 3024 897 3079 veneratione
910 3023 1003 3097 digna.
1020 3022 1189 3094 Responsio·

255 3112 305 3151 nes
327 3138 333 3150 .
412 3135 420 3151 .
581 3137 1189 3155 ........
1211 3097 1272 3156 255

444 3184 557 3234 CAPUT
572 3186 617 3233 lli.
636 3186 675 3234 lta
691 3198 843 3237 n'rouoann
861 3200 995 3237 assurum.

178 3268 246 3323 hur.
266 3265 287 3320 l.
305 3266 443 3319 sententie
455 3269 569 3330 quamn
581 3269 739 3335 refutantur.
756 3267 849 3322 Status
863 3267 1024 3336 quaestionis
1046 3268 1187 3324 definitur.
1247 3296 1261 3305 s

253 3340 335 3394 Paos.
353 3339 373 3393 l.
395 3342 477 3391 Aterni
501 3342 701 3392 substantiarum
725 3341 879 3404 simplicium
904 3357 984 3407 raeque
1009 3345 1152 3397 coalescunt
1175 3360 1189 3398 e

251 3416 402 3466 substantiis
423 3415 574 3475 insulensis,
594 3428 673 3478 neque
692 3429 760 3478 pura
779 3418 927 3467 ratensiane
951 3418 1103 3480 peametrica
1128 3433 1189 3470 aaa·

252 3494 332 3540 stant.
349 3486 484 3541 Probatur
496 3500 529 3539 ex
543 3494 623 3540 antra
635 3487 728 3540 dictis
744 3487 826 3542 Paos
851 3487 884 3542 ll.
899 3492 981 3542 Araiai
1007 3506 1056 3546 noa
1069 3498 1190 3544 caustum

253 3577 287 3613 ea
312 3563 420 3612 materia
440 3562 524 3623 mima
546 3575 575 3612 ac
597 3561 678 3626 tuma
701 3563 875 3616 substantiali.
893 3561 922 3617 Si
945 3561 1031 3617 forma
1054 3562 1190 3634 cujusque

253 3634 335 3689 atomi
351 3633 515 3703 supponitur
528 3632 709 3687 immutabilis
712 3633 788 3703 ,ejus
798 3626 943 3690 existentia
957 3636 1053 3706 nequit
1065 3638 1187 3707 probari

256 3707 285 3763 Si
300 3706 451 3771 mutabilis,
461 3714 514 3760 tots
526 3706 640 3761 scientis
650 3706 930 3781 chimicaetphysicae
943 3710 1079 3766 universae
1089 3710 1189 3766 lunda-

255 3791 346 3835 menta
372 3782 553 3836 subruuntur
569 3779 608 3835 Ad
630 3781 688 3834 haec
702 3779 830 3836 elementi
844 3798 944 3837 nomen
958 3792 1002 3838 est
1014 3799 1065 3839 vox
1079 3799 1140 3854 qnae
1160 3785 1189 3839 in

255 3855 307 3909 hac
320 3853 444 3909 doctrina
471 3840 578 3908 nullum
592 3854 674 3909 habet
687 3868 815 3909 sensum·
802 3865 958 3942 -nequeunt
971 3856 999 3911 in
1012 3872 1043 3912 ea
1053 3859 1188 3932 assignari

255 3929 428 4013 singulorum
453 3927 600 3983 mixtorum
622 3929 772 3984 elementa·
773 3938 800 3985 et
827 3930 915 3986 asseri
936 3931 1032 4002 nequit
1053 3932 1190 3987 elementa

256 4016 368 4056 manere
382 4002 410 4056 in
423 4000 508 4057 mixto
523 4001 674 4057 secundnm
694 4002 865 4075 qualitates
873 4003 955 4060 Ριιοι3
972 4005 1018 4062 ΙΙΙ.
1032 4009 1114 4060 Atamt
1139 4021 1190 4060 aaa
