2792 4600
199 283 259 347 tss
651 300 822 345 ourotocn.

197 435 300 496 quum
316 417 425 480 anima
439 417 642 497 expoliatur;
659 428 714 479 ant
730 433 885 491 marmor,
903 433 1004 495 quum
1018 434 1055 478 ex
1067 434 1106 479 eo
1119 415 1154 477 lit
1167 424 1283 478 statua.

239 518 272 578 2⁰
295 517 355 578 Per
368 515 618 596 acquisitionem
635 515 774 592 alicuius
791 513 968 594 qualitatis,
990 515 1037 575 vel
1062 532 1120 594 per
1133 515 1202 592 ejus
1217 514 1284 593 pri·

180 613 377 691 ¹vationcm;
395 627 430 676 ut
447 623 589 676 mutator
605 633 737 695 corpus,
755 632 858 694 quum
874 632 912 675 ex
929 613 1050 693 frigido
1064 613 1099 675 llt
1114 614 1258 675 calidum
1274 630 1283 687 ;

197 719 253 772 aut
265 712 376 787 homo,
394 730 495 793 quum
511 730 568 774 seu
584 711 714 774 virtutis
730 730 787 773 sen
803 712 874 773 vitii
890 710 1002 773 babitu
1020 697 1253 802 informatur*

238 813 272 874 5⁰
295 803 356 874 Per
388 812 491 875 solam
526 811 738 892 mutationem
772 810 912 884 ordinis,
936 828 1002 890 quo
1025 829 1097 873 sese
1117 809 1285 894 excipiunt

198 919 305 989 partes
321 908 466 986 ejusdem
482 910 552 973 rei:
570 909 617 971 sic
634 917 777 970 mutatur
794 908 893 971 homo
910 927 1011 989 qunm
1028 909 1179 987 assurgit,
1193 917 1224 970 et
1240 925 1283 969 aas

197 1009 246 1068 vel
264 1024 337 1069 cera
352 1025 454 1088 quum
472 1007 756 1086 transfigurantur.

238 1108 272 1170 4⁰
294 1108 354 1169 Per
370 1106 678 1169 determinationem
694 1115 859 1185 acceptam
883 1105 922 1166 ad
939 1114 1063 1167 motum
1080 1076 1214 1166 localem
1232 1103 1282 1164 vel

198 1205 355 1284 quietem.

238 1302 271 1364 60
291 1302 469 1364 Mutatione
492 1301 620 1365 ordinis
645 1320 711 1381 qno
727 1320 779 1363 res
792 1319 855 1363 nna
867 1300 907 1362 ad
920 1301 999 1363 alias
1011 1318 1046 1362 se
1059 1299 1167 1361 habet.
1179 1249 1286 1377 Cujus

199 1399 389 1464 salutationis
405 1400 454 1461 baa
467 1410 543 1462 sunt
559 1400 739 1480 potissimae
755 1399 901 1479 species:

237 1499 268 1573 u)
291 1515 393 1577 quum
411 1515 462 1558 res
477 1496 617 1578 acquirit
633 1497 809 1558 relationes
823 1497 924 1559 reatos
951 1496 1131 1558 identitatis
1156 1496 1205 1556 vel
1233 1494 1287 1555 di-

196 1593 529 1677 stinctionispositis
546 1613 656 1658 earum
681 1589 853 1670 terminis;
870 1604 925 1656 aut
947 1613 1048 1675 quum
1066 1594 1107 1655 iis
1132 1594 1286 1668 sublatis,

197 1712 251 1754 eas
267 1693 407 1756 amittit:
752 1774 754 1776 ι
1214 1711 1216 1714 ·

239 1792 266 1868 6)
290 1810 391 1871 quum
409 1792 526 1872 incipit
546 1792 596 1871 vell
620 1799 723 1853 cessat
749 1790 869 1852 habere
885 1792 1043 1853 rationem
1062 1791 1214 1872 potentiae
1230 1809 1289 1853 ac·

198 1890 282 1966 tinae,
301 1893 403 1971 posita
416 1892 464 1952 vel
481 1890 607 1952 sublata
621 1889 757 1971 passiva,
775 1900 807 1951 et
819 1891 978 1952 viceversa
989 1910 996 1965 ;
1007 1890 1289 1971 quemadmodum
1390 1969 1391 1974 ἵ

196 2005 225 2048 v.
253 2005 302 2067 gr.
331 1989 385 2049 lux
412 1996 514 2050 cessat
542 1995 573 2050 et
599 1987 633 2048 in
649 1989 782 2050 oculum
800 2005 894 2067 agere
910 1996 940 2049 et
956 2006 1025 2049 esse
1040 1987 1193 2060 visibilis,
1211 1987 1291 2065 ipso

199 2087 297 2147 oculo
313 2085 454 2149 sublato.
969 2155 972 2158 ,

237 2182 310 2246 586.
334 2184 439 2247 siens
454 2203 528 2247 cum
550 2184 659 2265 seipso
681 2184 862 2247 secundum
885 2175 1012 2248 dive'rsa
1034 2194 1180 2265 tempora
1195 2202 1295 2248 com·

189 2292 342 2365 ‘paratum
367 2283 488 2348 dicitur
520 2304 590 2347 esse
622 2283 686 2346 sibi
722 2283 904 2346 identicum
926 2283 956 2345 'si
979 2283 1192 2346 mutationem
1216 2301 1291 2346 non
1323 2341 1325 2343 ,

104 2384 106 2387 ’
198 2382 311 2445 subiit.
323 2381 465 2446 Proinde
478 2382 631 2445 identitas
643 2383 707 2444 hoc
721 2382 820 2446 modo
832 2391 962 2462 accepta
973 2389 1022 2443 est
1032 2384 1171 2444 carentia
1180 2392 1292 2444 muta-

198 2481 302 2553 tionis,
316 2499 372 2542 seu
388 2481 577 2542 conservatio
592 2488 692 2542 status
706 2480 743 2540 in
757 2499 817 2559 quo
831 2498 883 2540 ens
897 2489 974 2543 eret.
992 2479 1037 2542 Ex
1063 2480 1171 2541 variis·
1184 2498 1292 2560 porro

167 2640 171 2649 ,
197 2578 355 2658 gradibus
377 2596 460 2657 quos
484 2578 603 2640 babere
627 2588 743 2658 potest,
770 2577 923 2639 identitas
948 2581 1010 2640 hoc
1032 2579 1131 2640 modo
1153 2591 1294 2659 accepta

197 2676 315 2756 triplex
332 2683 396 2738 est:
416 2677 447 2737 l⁰
461 2677 609 2750 absoluta,
629 2690 736 2756 quum
763 2694 821 2738 ens
837 2676 960 2738 nullam
976 2677 1114 2740 omnino
1131 2678 1294 2741 mutatio·

197 2792 273 2836 nem
289 2774 391 2836 subiit
408 2793 415 2855 ς
432 2775 463 2836 80
483 2776 614 2837 relativo
629 2786 659 2837 et
674 2775 715 2836 ad
729 2794 859 2848 sensnm,
884 2793 986 2855 quum
1013 2776 1124 2856 aliqua
1147 2777 1294 2856 quidem

198 2874 335 2935 mutatio
351 2862 385 2934 in
413 2884 487 2936 ente
510 2884 637 2955 paracta
660 2884 720 2948 cst,
737 2883 768 2935 at
790 2892 886 2936 sensu
910 2892 976 2936 non
1000 2875 1293 2956 deprehenditur:

160 2970 230 3032 ·-5⁰
251 2972 388 3047 moralis,
407 2990 509 3051 quum
537 2991 601 3048 res,
625 2973 702 3034 licet
724 2971 898 3034 sensibiles
914 2973 1110 3035 mutationes
1127 2974 1293 3060 patiatur,

198 3069 232 3129 in
255 3070 422 3132 contmuni
447 3081 557 3132 tamen
590 3070 761 3133 bominum
794 3070 1009 3134 estimatione
1042 3081 1195 3153 tanquam
1220 3073 1296 3136 sibi

199 3168 341 3231 identica
359 3167 507 3231 babetur.
525 3169 600 3230 Tale
612 3178 659 3230 est
671 3170 787 3248 flumen
803 3179 858 3231 oct
871 3171 970 3233 natio.

237 3265 309 3327 586.
333 3265 441 3328 Facile
472 3285 559 3335 nunc
585 3265 817 3346 intelligemus,
836 3266 915 3346 quid
933 3285 990 3328 ens
1006 3267 1213 3389 immutabile
1232 3270 1296 3344 sit,

94 3404 96 3407 -
197 3365 275 3445 quid
293 3364 460 3428 mutabile.

236 3462 302 3525 Eos
318 3462 461 3524 motabile
474 3473 522 3524 est
537 3463 623 3541 quod
638 3462 678 3524 ab
691 3480 757 3525 uno
771 3467 869 3526 modo
886 3482 920 3549 se
937 3463 1078 3526 habendi
1097 3465 1242 3527 transire
1257 3467 1298 3527 iu

196 3561 335 3623 alterum
352 3569 457 3642 potest
473 3559 566 3640 tato).
590 3560 810 3635 lmmutabile,
825 3562 913 3642 quod
930 3580 995 3624 non
1014 3574 1130 3643 potest.

237 3659 435 3723 blutabilitas
457 3660 671 3721 intrinsecam
689 3677 729 3722 eo
744 3662 932 3722 continetur
947 3661 1035 3741 quod
1052 3648 1110 3722 e'ns
1127 3660 1300 3724 intrinse-

196 3775 267 3821 cam
282 3758 676 3838 aliquam·perlectionem
688 3759 737 3819 vel
753 3758 1061 3823 determinationem
1074 3760 1226 3840 recipere
1240 3761 1298 3823 vel

196 3859 355 3929 amittere,
383 3857 431 3918 vel
458 3857 638 3919 secundum
655 3875 729 3920 suas
746 3869 864 3938 partes,
880 3857 908 3919 si
925 3877 1005 3938 quas
1023 3859 1130 3933 habet,
1145 3858 1304 3921 diversi·

196 3955 293 4018 mode
309 3955 457 4018 ordinari
474 3967 582 4036 queat,
599 3965 654 4018 aut
668 3957 747 4018 alias
760 3957 942 4036 acquirere.
