2792 4600
223 266 283 330 3ll
669 280 859 326 cosnonoon.

204 407 285 458 ¹tem
312 413 411 477 quam
433 397 466 457 in
490 395 670 456 substantia
694 394 877 455 habebant:
898 393 966 454 baec
999 389 1165 471 siquidem
1192 390 1306 453 entitas

220 494 309 555 nulla
325 492 451 554 aliaest
474 510 572 572 quam
588 492 706 554 entitas
723 490 924 553 substantia.

260 590 294 653 2⁰
308 589 444 653 Etiamsi
457 608 474 652 a
486 590 667 653 substantia
681 589 970 669 distinguerentur,
984 588 1093 650 adbuc
1105 594 1305 653 tamencon·
1373 585 1374 590 ’

220 689 285 770 cipi
303 688 429 768 nequit,
447 706 514 769 quo
530 696 624 768 pacto
640 686 710 749 bac
731 686 798 749 duo
814 704 831 747 a
847 686 1027 748 substantia
1043 694 1189 770 separata
1205 684 1306 764 persi·

208 796 304 850 ‘stere
333 797 475 867 possent.
507 786 635 850 Etenim
666 784 812 847 extensio
848 785 919 846 sine
949 782 1122 848 resistendi
1153 782 1183 843 vi
1220 799 1307 843 mers

221 886 360 966 privatio
389 898 448 961 est,
483 903 521 948 ac
549 902 668 966 purum
699 884 797 945 nihil.
821 884 877 945 Vis
904 893 1011 945 autem
1040 881 1215 944 resistendi
1239 882 1307 943 sinc

220 986 399 1048 substantia
414 985 593 1049 consistere
611 1002 676 1047 non
694 1002 789 1065 posse
815 983 955 1045 videtur.
971 982 1027 1044 Vis
1039 982 1140 1056 enim,
1155 998 1307 1061 quaecun·

220 1104 285 1166 que
300 1085 357 1148 illa
373 1085 424 1162 sit,
439 1093 487 1147 est
501 1083 636 1146 facultas
649 1081 766 1163 agendi
782 1100 789 1146 :
808 1082 942 1145 facultas
955 1089 1064 1143 autem
1079 1079 1197 1161 agendi
1213 1096 1306 1160 agen·

220 1192 284 1246 tem
314 1189 480 1247 connotat.
498 1182 599 1244 Secus
620 1190 810 1244 transeunte
839 1180 896 1242 illa
913 1180 952 1242 ad
981 1189 1101 1254 actum,
1132 1178 1306 1241 haberetur

220 1290 309 1344 aetus
325 1282 397 1343 sine
418 1289 543 1362 agente.
560 1280 689 1345 ldcirco
706 1280 803 1347 etiam
820 1279 1005 1343 scholastici
1021 1279 1107 1340 vires
1122 1295 1179 1339 seu
1195 1285 1305 1358 poten·

217 1382 291 1454 tias,
310 1398 376 1443 non
393 1372 479 1442 inter
494 1379 674 1442 accidentia
701 1378 863 1451 absoluta,
877 1378 933 1441 sad
949 1380 1035 1441 inter
1047 1376 1228 1440 accidentia
1240 1393 1307 1439 mo·
1332 1418 1341 1440 0

220 1478 307 1540 dalla
322 1479 537 1542 collocabant.
551 1477 730 1550 Qualitates
742 1486 850 1540 autern
863 1476 1037 1539 sensibiles
1052 1484 1083 1537 et
1091 1476 1305 1555 quantitatem

210 1578 366 1642 'absoluta
381 1578 561 1640 accidentia
582 1596 652 1640 osse
667 1571 854 1653 censebant,
877 1578 954 1658 quis
970 1577 1035 1641 duo
1057 1576 1127 1639 baec
1148 1593 1210 1639 nec
1223 1576 1306 1638 vires

220 1695 280 1739 nec
295 1677 413 1739 virium
429 1685 519 1740 actus
531 1695 601 1739 esse
615 1677 857 1741 existimabant.

259 1774 332 1838 554.
350 1774 508 1837 Ceterum
524 1774 639 1855 siquis
655 1774 908 1837 resistendivim
925 1776 969 1836 ita
981 1781 1089 1836 mente
1104 1772 1303 1853 conciperet,

220 1882 255 1935 ut
270 1880 340 1933 eam
357 1873 540 1935 conservari
564 1891 659 1953 posse
676 1880 814 1954 putaret,
839 1872 966 1935 sublata
982 1871 1173 1956 substantia,
1190 1888 1306 1933 secun·

220 1971 298 2033 dum
317 1971 465 2033 eamdem
494 1971 585 2032 illam
609 1971 777 2034 entitatem
806 1990 904 2053 quam
921 1972 955 2033 in
985 1957 1166 2033 substantia
1196 1970 1304 2043 habet,

219 2078 306 2132 certe
319 2086 385 2131 non
401 2070 429 2130 is
445 2087 505 2148 ego
521 2088 593 2131 sum
610 2071 666 2150 qui
684 2071 725 2132 de
741 2072 804 2133 boc
819 2071 911 2133 litem
923 2088 1031 2134 serere
1046 2070 1157 2135 velim.
1174 2069 1257 2132 Nam
1273 2076 1307 2131 ot

219 2168 1304 2250 saepiusdixi,intimambujuscevisessentiamnoncognoscimus
1373 2237 1374 2244 χ

219 2266 453 2347 fatendumque
468 2276 527 2342 est,
541 2278 731 2348 argumenta
743 2269 843 2332 modo
855 2268 993 2332 adducta
1005 2276 1040 2332 ut
1052 2267 1233 2349 apodictica
1245 2268 1305 2330 lm·
1373 2267 1374 2288 ³

219 2365 289 2428 beri
307 2382 373 2429 nou
391 2356 499 2444 posse.
526 2396 530 2403 ·
1150 2430 1155 2437 ,

259 2462 331 2525 955.
355 2462 418 2527 Sed
444 2462 608 2543 quidquid
634 2464 676 2526 sit
691 2463 734 2527 de
759 2465 973 2534 beocardum
990 2474 1038 2528 est
1056 2466 1146 2531 nulla
1172 2485 1233 2531 nos
1248 2483 1307 2531 ns·

218 2562 365 2625 cessitate
382 2561 496 2640 premi,
513 2571 549 2623 ut
563 2562 772 2625 admittamus
787 2564 908 2648 realem
925 2565 1023 2644 hujus
1035 2565 1082 2628 vis
1094 2583 1111 2626 a
1123 2564 1305 2628 substantia

218 2660 506 2743 separabilitatem,
530 2660 568 2722 ad
593 2662 656 2724 boc
676 2670 711 2723 ut
733 2662 922 2741 probemus,
945 2665 1123 2728 accidentia
1146 2682 1306 2745 corporea
1373 2708 1374 2713 κ

219 2760 290 2822 sine
305 2759 485 2827 substann'a
499 2759 552 2822 cui
569 2759 710 2834 inerant,
726 2778 745 2820 a
759 2763 823 2824 lleo
837 2763 1020 2825 conservari
1034 2779 1146 2843 posse;
1164 2763 1198 2826 id
1215 2764 1308 2844 quod

219 2857 419 2940 philosopho
436 2858 643 2938 potissimum
660 2859 875 2939 quaerendum
888 2871 935 2923 est
951 2861 985 2922 in
999 2861 1059 2923 bac
1070 2865 1304 2928 controversia.

260 2957 387 3020 Etenim
404 2956 559 3019 omnibus
571 2957 795 3021 indubitatum
807 2977 889 3045 esso
904 2959 1012 3036 debet,
1036 2960 1120 3022 vires
1143 2963 1306 3026 extensio·

221 3071 363 3135 nemque
378 3072 544 3135 corporeo
557 3056 698 3135 cuiusvis
713 3056 913 3131 substantiae,
935 3058 994 3119 bac
1009 3057 1192 3134 deficiente,
1210 3078 1306 3141 possa

221 3154 320 3217 alteo
335 3154 517 3233 conservari
537 3153 601 3216 boc
624 3164 729 3234 pacto,
746 3153 835 3234 quod
857 3154 985 3216 divinae*
1000 3154 1129 3218 virtutis
1145 3159 1304 3237 operatio,

221 3256 253 3313 et
267 3260 355 3313 extra
381 3268 494 3314 sensus
510 3261 541 3314 et
562 3253 596 3314 in
624 3253 828 3316 sensibusea
851 3255 965 3324 omnia,
984 3254 1113 3331 efficiat,
1137 3265 1169 3319 et
1190 3257 1306 3321 eodem

193 3400 195 3406 .
222 3349 332 3422 modo,
348 3368 420 3430 quae
435 3350 615 3413 substantia
629 3352 698 3414 suis
713 3351 851 3428 viribus,
865 3353 1016 3433 intraque
1028 3372 1094 3416 suae
1106 3356 1307 3421 extensionis

222 3447 354 3523 limites,
368 3450 560 3512 naturaliter
574 3449 770 3529 operabatur
785 3462 882 3532 atqua
897 3452 978 3516 adeo
995 3453 1189 3534 patiebatur.

263 3545 336 3611 ⁶256.
353 3547 446 3622 Quod
462 3547 598 3628 quidem
614 3555 740 3611 constat
757 3548 787 3612 l⁰
802 3568 840 3611 ex
856 3549 1028 3613 manifesto
1044 3552 1223 3632 principio,
1240 3570 1307 3635 quo
1366 3572 1372 3587 ⁸

222 3655 351 3709 sanctus
365 3645 507 3709 l'bomss
523 3645 582 3708 hac
598 3645 668 3726 ipsa
684 3647 866 3727 quaestione
888 3648 1003 3711 utitur.
1023 3671 1038 3706 r
1062 3649 1175 3714 Divina
1192 3651 1305 3727 virtus,

224 3766 239 3802 s
262 3745 307 3809 ita
330 3746 411 3824 ipse,
435 3751 553 3823 potest.
568 3744 751 3825 producere
779 3745 910 3807 effectus
936 3764 1209 3835 quarumcunque
1230 3767 1308 3812 cau·

225 3860 371 3904 «sarum
398 3842 614 3904 secundarum
640 3843 712 3904 sine
740 3842 822 3923 ipsis
849 3844 956 3905 causis
984 3846 1190 3911 secundis...
1217 3847 1307 3928 quod

225 3959 240 3995 e
264 3940 382 4002 accidit
397 3949 531 4020 propter
547 3940 741 4003 infinitatem
763 3942 893 4004 virtutis
908 3941 990 4022 ejus,
1012 3944 1137 4025 etquis
1152 3945 1307 4009 omnibus
