2792 4600
429 378 517 424 stum
538 378 658 436 rurum,
682 378 774 425 meur
797 347 845 426 ιιι.ι
1124 361 1187 426 sm

98 487 211 551 eadem
237 489 379 552 essentia
403 490 503 554 atomi
532 492 725 573 procedunt,
751 492 840 574 quod
866 477 1027 574 estfjuxta
1042 501 1205 569 veterem·

98 602 174 648 nam
189 605 229 649 ex
251 604 366 650 eorum
382 588 558 670 principiis
574 592 792 673 proprietates
807 608 900 654 nece
916 591 1062 667 materia,
1091 608 1187 654 nece

98 683 205 749 lorme
225 685 387 766 originem
414 687 546 764 habent,
564 689 621 753 sed
644 707 661 751 a
689 692 892 770 composito;
909 707 1096 770 quanquam
1111 690 1187 752 olim
1235 750 1237 755 .

97 782 250 846 orientur
261 800 284 846 s·
295 787 477 867 composito
499 789 621 851 sulione
641 791 786 866 motolo,
802 789 1000 852 elierotioue
1013 788 1131 869 terme.
1149 788 1184 854 Si

96 880 138 944 ab
159 882 274 946 eadem
299 886 453 966 essentia,
467 896 497 952 et
513 886 554 952 ub
580 889 721 952 essentia
736 905 810 952 vere
824 888 1100 968 mmproooduot
1115 886 1186 969 joan

97 990 256 1044 nonsnnt
271 982 314 1045 ita
326 985 495 1066 oppositm,
507 995 544 1051 ut
557 988 598 1049 ab
611 987 726 1050 eodem
743 986 908 1069 principio
924 986 1102 1066 procedere
1114 1002 1181 1049 non

97 1094 236 1160 possint.

138 1178 191 1243 92.
208 1179 287 1244 iiico
312 1181 346 1246 2⁰
360 1182 462 1265 Neque
485 1185 521 1246 io
535 1185 633 1247 olorni
653 1184 828 1249 extensione
840 1204 878 1247 ou
890 1182 1115 1264 multiplicitas,
1132 1200 1186 1244 oe·

95 1298 155 1363 que
175 1280 212 1342 iu
232 1279 407 1362 ejusdemoi
420 1301 456 1345 eo
475 1283 582 1346 ortiles
603 1282 742 1358 lolem,
765 1285 868 1364 quotu
888 1283 1087 1364 objiciuntur.
1111 1279 1183 1344 Non

97 1378 238 1444 hebetur
250 1379 485 1461 multiplicitas:
498 1398 575 1444 nam
595 1380 628 1444 in
646 1382 835 1445 extensione
855 1383 1009 1445 continuo
1025 1396 1095 1444 non
1107 1386 1185 1441 sunt

96 1489 205 1564 partos
233 1490 306 1544 notu
336 1479 507 1555 distincto,
534 1480 707 1563 multoque
737 1481 849 1543 minus
873 1479 1039 1561 dissipate
1066 1496 1103 1539 no
1132 1476 1183 1539 di·

93 1598 228 1663 spersae,
244 1580 301 1641 sed
317 1580 526 1644 solummodo
544 1590 651 1662 portes
665 1581 700 1642 in
714 1580 870 1661 potentia.
884 1579 917 1641 ld
930 1578 1018 1660 quod
1031 1595 1091 1641 suo
1108 1577 1182 1640 loeo

10 1673 12 1730 ἕ
94 1677 388 1744 demonstrabitur.
422 1678 580 1743 Ceterum
618 1680 688 1743 haee
716 1687 765 1741 est
794 1677 954 1741 sententie
981 1675 1180 1749 Aristotelis,

93 1779 130 1844 S.
142 1777 288 1855 Thomm,
301 1778 515 1860 aliorumque
522 1779 635 1858 primes
644 1787 728 1841 uotae
739 1786 923 1841 auctorum.
937 1774 1082 1841 Sufficiat
1093 1791 1184 1837 nuno

9 1911 11 1924 ·
74 1878 131 1943 ρ8.
153 1877 286 1942 roomo
308 1878 494 1942 auotoritas.
517 1900 533 1937 c
556 1880 592 1942 ln
614 1878 778 1941 divisione
798 1875 949 1941 continui
953 1921 1017 1940 .....
1035 1874 1070 1936 id
1090 1872 1181 1955 quod

95 2000 112 2037 c
137 1977 306 2058 priuserat
321 1977 422 2040 multa
434 1976 591 2056 potentia,
604 1995 708 2040 uuum
725 1985 832 2039 autem
845 1982 930 2050 actu,
941 1975 976 2037 fit
987 1974 1083 2056 pluro
1100 1975 1148 2052 (1).
1164 1993 1180 2030 s

8 2065 9 2068 ¹
92 2075 136 2141 m-
148 2076 227 2138 slihi
257 2097 274 2135 «-
296 2076 409 2141 Unitos
422 2077 469 2138 rei
495 2076 710 2157 consequitur
723 2094 794 2138 esse
809 2075 925 2155 ipsius.
943 2073 1054 2136 Partes
1072 2082 1180 2144 autem
1262 2155 1267 2163 ἡ

91 2197 110 2235 x
134 2175 275 2255 alicujus
288 2175 483 2256 homogenei
506 2174 655 2237 continui
671 2185 749 2237 ante
763 2172 960 2235 divisionem
976 2189 1042 2234 non
1060 2170 1184 2233 habent

92 2295 111 2334 c
135 2291 205 2337 osse
217 2280 301 2347 ectu,
316 2272 373 2335 sed
386 2274 529 2356 potentia
542 2277 685 2351 tantum3
700 2281 732 2334 et
744 2272 819 2336 ideo
833 2270 923 2334 nollo
936 2271 1069 2333 illarum
1084 2268 1181 2331 habet

91 2396 110 2433 ι
135 2374 292 2437 unitatem
311 2373 477 2454 proprium
494 2373 527 2434 in
544 2380 636 2449 actu3
653 2372 741 2433 uode
758 2372 790 2433 in
806 2380 878 2433 actu
894 2388 960 2432 non
976 2378 1023 2432 est
1034 2369 1181 2448 accipere

91 2492 110 2530 x
135 2470 282 2551 ipsarum
305 2488 492 2544 numerum,
515 2469 570 2532 sed
587 2471 734 2552 potentia
751 2479 875 2532 tontum
900 2472 949 2548 (s).
969 2470 1107 2544 »Quare
1122 2464 1180 2548 qui

89 2568 295 2632 extensionis
310 2569 471 2631 rationem
495 2570 528 2630 in
555 2569 698 2650 partium
725 2567 883 2631 scissione
909 2585 947 2629 ec
972 2566 1179 2647 dispersione

88 2667 243 2744 collocet,
260 2667 456 2731 Kantisnum
472 2668 582 2750 potius
598 2676 792 2749 conceptum
815 2666 877 2747 (ts)
892 2684 990 2747 quam
1005 2665 1180 2732 scholasti·
1195 2708 1199 2715 ι
1286 2669 1290 2676 ’

87 2782 207 2829 eorum
223 2774 365 2828 montom
388 2774 540 2830 sectatur.
807 2842 810 2847 4

131 2864 184 2928 95.
207 2864 279 2929 Non
300 2865 417 2928 nodos.
434 2864 490 2927 Vis
505 2865 594 2929 euim
614 2865 786 2929 resistendi
804 2866 840 2927 in
855 2875 965 2929 otomo
984 2874 1033 2928 est
1048 2875 1180 2928 extense

83 2961 276 3043 formitem·
301 2963 452 3026 videlicet
467 2982 533 3027 non
549 2974 598 3028 ost
611 2973 677 3027 toto
694 2966 727 3027 in
744 2964 883 3046 singulis
898 2966 998 3027 atomi
1015 2962 1182 3047 partibus‚·

85 3062 118 3125 si
141 3062 193 3125 hae
210 3071 316 3143 portes
339 3070 447 3124 mente
463 3061 719 3144 distinguantur.
743 3064 819 3128 Esto
835 3081 912 3126 sane
927 3064 992 3125 vim
1009 3063 1092 3126 banc
1108 3081 1180 3126 esse

86 3161 277 3243 simplicem
303 3160 411 3242 quood
438 3163 627 3240 essentiom3
645 3171 714 3225 esto
740 3180 811 3225 eam
837 3180 907 3224 esse
933 3171 1098 3231 extensam
1120 3180 1181 3244 per

84 3259 262 3337 accidens3
276 3259 339 3323 hoc
350 3277 467 3340 parum
483 3258 603 3323 refert:
620 3259 697 3322 satis
712 3270 760 3321 est
771 3259 799 3322 si
816 3260 850 3321 in
866 3267 976 3322 atomo
991 3259 1033 3323 sit
1049 3268 1180 3324 extensa

85 3357 286 3435 formaliter,
303 3366 339 3421 ut
354 3358 472 3422 hebeat
486 3359 521 3422 iu
536 3367 646 3423 atomo
661 3377 733 3423 eam
751 3359 855 3442 ipsam
869 3359 1027 3424 unitatem
1040 3378 1078 3423 ae
1092 3360 1178 3425 mul·

85 3456 299 3539 tiplicitetem
311 3475 408 3539 quum
427 3458 692 3522 habetsxtensio.
708 3458 741 3521 Si
759 3458 859 3539 igitur
870 3458 1016 3523 extensio
1028 3470 1076 3522 est
1091 3460 1177 3524 mul·

85 3555 204 3637 dplex,
224 3556 293 3622 lraec
318 3574 451 3639 quoque
478 3558 526 3620 vis
541 3559 604 3620 erit
630 3557 804 3639 multiplex
824 3559 877 3621 :si
895 3558 963 3621 hec
978 3558 1025 3620 ris
1041 3576 1105 3620 una
1119 3568 1179 3635 est,

84 3655 238 3717 extensio
248 3673 381 3737 quoque
393 3674 458 3720 una
469 3656 549 3736 erit;
562 3644 595 3719 et
604 3658 730 3720 tantum
748 3656 804 3719 illa
816 3657 878 3719 erit
890 3656 1060 3737 multiplex
1075 3674 1180 3738 qnan-

84 3761 160 3816 tum
184 3753 356 3835 multiplex
378 3762 425 3818 est
447 3755 518 3831 ista,
539 3763 731 3839 tantumque
753 3755 822 3817 haeo
839 3755 901 3818 erit
922 3773 997 3831 una,
1022 3763 1182 3837 quantum

84 3852 148 3915 ills
164 3870 229 3916 una
244 3862 303 3918 est.

113 4069 149 4127 (r)
162 4067 188 4115 o
198 4068 235 4116 nr
245 4069 305 4116 orsi.
317 4067 384 4127 xxx,
397 4082 422 4129 ᾳ.
432 4071 454 4116 r.
465 4075 511 4119 sss
521 4046 573 4121 's-
582 4070 615 4128 (s)
625 4071 653 4119 os
663 4071 698 4119 rr
707 4071 768 4120 rien¹
780 4070 811 4119 x.
821 4083 845 4131 q.
855 4073 880 4129 ι,
890 4071 967 4126 arcs
978 4084 1002 4131 q.
1011 4072 1036 4120 s.
1047 4072 1086 4120 so.
1098 4073 1121 4121 r.
