<?xml version="1.0" encoding="UTF-8"?>
<!DOCTYPE html PUBLIC "-//W3C//DTD XHTML 1.0 Transitional//EN"
    "http://www.w3.org/TR/xhtml1/DTD/xhtml1-transitional.dtd">
<html xmlns="http://www.w3.org/1999/xhtml" xml:lang="en" lang="en">
 <head>
  <title>
</title>
<meta http-equiv="Content-Type" content="text/html;charset=utf-8" />
  <meta name='ocr-system' content='tesseract 3.04.00' />
  <meta name='ocr-capabilities' content='ocr_page ocr_carea ocr_par ocr_line ocrx_word'/>
</head>
<body>
  <div class='ocr_page' id='page_1' title='image "./institutionesph01tonggoog_0197.png"; bbox 0 0 2792 4600; ppageno 0'>
   <div class='ocr_carea' id='block_1_1' title="bbox 417 276 1170 346">
    <p class='ocr_par' dir='ltr' id='par_1_1' title="bbox 417 276 1170 346">
     <span class='ocr_line' id='line_1_1' title="bbox 417 276 1170 346; baseline 0.004 -14"><span class='ocrx_word' id='word_1_1' title='bbox 417 289 504 332; x_wconf 78' lang='lat' dir='ltr'><strong>tinen</strong></span> <span class='ocrx_word' id='word_1_2' title='bbox 525 289 658 346; x_wconf 77' lang='lat' dir='ltr'><strong>renum,</strong></span> <span class='ocrx_word' id='word_1_3' title='bbox 682 289 774 333; x_wconf 75' lang='lat' dir='ltr'><strong>cruor</strong></span> <span class='ocrx_word' id='word_1_4' title='bbox 797 291 841 335; x_wconf 92' lang='grc' dir='ltr'>ιιι.</span> <span class='ocrx_word' id='word_1_5' title='bbox 918 290 921 296; x_wconf 94' lang='grc'><strong><em>·</em></strong></span> <span class='ocrx_word' id='word_1_6' title='bbox 1111 276 1170 337; x_wconf 78' lang='grc'><strong>187</strong></span> 
     </span>
    </p>
   </div>
   <div class='ocr_carea' id='block_1_2' title="bbox 23 404 1246 1273">
    <p class='ocr_par' dir='ltr' id='par_1_2' title="bbox 97 404 1174 568">
     <span class='ocr_line' id='line_1_2' title="bbox 97 404 1174 487; baseline 0.003 -17"><span class='ocrx_word' id='word_1_7' title='bbox 97 410 162 470; x_wconf 91' lang='lat' dir='ltr'><strong>imo</strong></span> <span class='ocrx_word' id='word_1_8' title='bbox 184 404 217 465; x_wconf 92' lang='lat' dir='ltr'><strong>in</strong></span> <span class='ocrx_word' id='word_1_9' title='bbox 239 404 552 485; x_wconf 76' lang='lat' dir='ltr'><strong>actibusappetitus</strong></span> <span class='ocrx_word' id='word_1_10' title='bbox 575 425 612 469; x_wconf 99' lang='grc' dir='ltr'><strong>ιο</strong></span> <span class='ocrx_word' id='word_1_11' title='bbox 645 408 825 487; x_wconf 84' lang='lat' dir='ltr'><strong>praesertim</strong></span> <span class='ocrx_word' id='word_1_12' title='bbox 861 408 968 472; x_wconf 76' lang='lat' dir='ltr'><strong>liberae</strong></span> <span class='ocrx_word' id='word_1_13' title='bbox 1000 411 1174 474; x_wconf 81' lang='lat' dir='ltr'><strong>voluntatis</strong></span> 
     </span>
     <span class='ocr_line' id='line_1_3' title="bbox 97 503 690 568; baseline -0.003 0"><span class='ocrx_word' id='word_1_14' title='bbox 97 504 213 567; x_wconf 85' lang='lat' dir='ltr'><strong>nuliam</strong></span> <span class='ocrx_word' id='word_1_15' title='bbox 226 521 296 564; x_wconf 89' lang='lat' dir='ltr'><strong>esse</strong></span> <span class='ocrx_word' id='word_1_16' title='bbox 311 503 413 565; x_wconf 84' lang='lat' dir='ltr'><strong>videri</strong></span> <span class='ocrx_word' id='word_1_17' title='bbox 428 505 541 565; x_wconf 83' lang='lat' dir='ltr'><strong>saitem</strong></span> <span class='ocrx_word' id='word_1_18' title='bbox 558 505 690 568; x_wconf 84' lang='lat' dir='ltr'><strong>realem.</strong></span> 
     </span>
    </p>

    <p class='ocr_par' dir='ltr' id='par_1_3' title="bbox 23 598 1246 1273">
     <span class='ocr_line' id='line_1_4' title="bbox 131 598 1172 686; baseline 0.007 -23"><span class='ocrx_word' id='word_1_19' title='bbox 131 600 163 663; x_wconf 69' lang='lat'><strong>4⁰</strong></span> <span class='ocrx_word' id='word_1_20' title='bbox 184 598 278 668; x_wconf 81' lang='lat' dir='ltr'><strong>Nulla</strong></span> <span class='ocrx_word' id='word_1_21' title='bbox 301 601 427 664; x_wconf 89' lang='lat' dir='ltr'><strong>ratione</strong></span> <span class='ocrx_word' id='word_1_22' title='bbox 442 602 584 681; x_wconf 74' lang='lat' dir='ltr'><strong>generali</strong></span> <span class='ocrx_word' id='word_1_23' title='bbox 602 602 721 665; x_wconf 88' lang='lat' dir='ltr'><strong>realem</strong></span> <span class='ocrx_word' id='word_1_24' title='bbox 739 602 984 667; x_wconf 83' lang='lat' dir='ltr'><strong>distinctionem</strong></span> <span class='ocrx_word' id='word_1_25' title='bbox 1000 607 1067 668; x_wconf 84' lang='lat' dir='ltr'><strong>sive</strong></span> <span class='ocrx_word' id='word_1_26' title='bbox 1084 609 1172 686; x_wconf 81' lang='lat' dir='ltr'><strong>prin·</strong></span> 
     </span>
     <span class='ocr_line' id='line_1_5' title="bbox 90 698 1171 859; baseline 0.006 -98"><span class='ocrx_word' id='word_1_27' title='bbox 90 698 207 859; x_wconf 46' lang='lat' dir='ltr'><strong>ciffis</strong></span> <span class='ocrx_word' id='word_1_28' title='bbox 238 698 362 777; x_wconf 80' lang='lat' dir='ltr'><strong>agentis</strong></span> <span class='ocrx_word' id='word_1_29' title='bbox 394 699 470 760; x_wconf 83' lang='lat' dir='ltr'><strong>sive.</strong></span> <span class='ocrx_word' id='word_1_30' title='bbox 495 698 672 761; x_wconf 85' lang='lat' dir='ltr'><strong>immediati</strong></span> <span class='ocrx_word' id='word_1_31' title='bbox 698 700 852 780; x_wconf 86' lang='lat' dir='ltr'><strong>principii</strong></span> <span class='ocrx_word' id='word_1_32' title='bbox 876 703 1014 764; x_wconf 87' lang='lat' dir='ltr'><strong>aetionis</strong></span> <span class='ocrx_word' id='word_1_33' title='bbox 1036 721 1054 765; x_wconf 91' lang='lat' dir='ltr'><strong>a</strong></span> <span class='ocrx_word' id='word_1_34' title='bbox 1078 723 1171 783; x_wconf 87' lang='lat' dir='ltr'><strong>passo</strong></span> 
     </span>
     <span class='ocr_line' id='line_1_6' title="bbox 93 796 1246 880; baseline 0.007 -20"><span class='ocrx_word' id='word_1_35' title='bbox 93 818 132 863; x_wconf 87' lang='lat' dir='ltr'><strong>ne</strong></span> <span class='ocrx_word' id='word_1_36' title='bbox 187 796 305 857; x_wconf 87' lang='lat' dir='ltr'><strong>sariam</strong></span> <span class='ocrx_word' id='word_1_37' title='bbox 322 797 554 859; x_wconf 88' lang='lat' dir='ltr'><strong>demonstrari.</strong></span> <span class='ocrx_word' id='word_1_38' title='bbox 571 799 615 860; x_wconf 83' lang='lat' dir='ltr'><strong>Er</strong></span> <span class='ocrx_word' id='word_1_39' title='bbox 633 815 671 860; x_wconf 88' lang='lat' dir='ltr'><strong>eo</strong></span> <span class='ocrx_word' id='word_1_40' title='bbox 687 798 775 858; x_wconf 91' lang='lat' dir='ltr'><strong>enim</strong></span> <span class='ocrx_word' id='word_1_41' title='bbox 803 800 892 879; x_wconf 88' lang='lat' dir='ltr'><strong>quod</strong></span> <span class='ocrx_word' id='word_1_42' title='bbox 919 801 1004 864; x_wconf 87' lang='lat' dir='ltr'><strong>inter</strong></span> <span class='ocrx_word' id='word_1_43' title='bbox 1030 820 1127 880; x_wconf 78' lang='lat' dir='ltr'><strong>agens</strong></span> <span class='ocrx_word' id='word_1_44' title='bbox 1142 814 1174 866; x_wconf 90' lang='lat' dir='ltr'><strong>et</strong></span> <span class='ocrx_word' id='word_1_45' title='bbox 1242 859 1246 868; x_wconf 39' lang='grc' dir='ltr'>ι</span> 
     </span>
     <span class='ocr_line' id='line_1_7' title="bbox 88 887 1170 977; baseline 0.003 -16"><span class='ocrx_word' id='word_1_46' title='bbox 88 887 239 961; x_wconf 57' lang='lat' dir='ltr'><strong>⁴effectum</strong></span> <span class='ocrx_word' id='word_1_47' title='bbox 265 896 360 959; x_wconf 90' lang='lat' dir='ltr'><strong>datur</strong></span> <span class='ocrx_word' id='word_1_48' title='bbox 379 897 476 958; x_wconf 87' lang='lat' dir='ltr'><strong>realis</strong></span> <span class='ocrx_word' id='word_1_49' title='bbox 495 895 621 967; x_wconf 84' lang='lat' dir='ltr'><strong>relatio,</strong></span> <span class='ocrx_word' id='word_1_50' title='bbox 639 916 675 958; x_wconf 91' lang='grc' dir='ltr'><strong>ιο</strong></span> <span class='ocrx_word' id='word_1_51' title='bbox 692 907 862 977; x_wconf 82' lang='lat' dir='ltr'><strong>propterea</strong></span> <span class='ocrx_word' id='word_1_52' title='bbox 877 899 974 960; x_wconf 82' lang='lat' dir='ltr'><strong>realis</strong></span> <span class='ocrx_word' id='word_1_53' title='bbox 990 901 1170 976; x_wconf 81' lang='lat' dir='ltr'><strong>distinctio,</strong></span> 
     </span>
     <span class='ocr_line' id='line_1_8' title="bbox 23 994 1173 1078; baseline 0.001 -18"><span class='ocrx_word' id='word_1_54' title='bbox 23 1051 25 1064; x_wconf 86' lang='lat'>.</span> <span class='ocrx_word' id='word_1_55' title='bbox 91 1013 155 1060; x_wconf 91' lang='lat' dir='ltr'><strong>non</strong></span> <span class='ocrx_word' id='word_1_56' title='bbox 169 994 317 1078; x_wconf 88' lang='lat' dir='ltr'><strong>sequitur</strong></span> <span class='ocrx_word' id='word_1_57' title='bbox 332 996 451 1056; x_wconf 86' lang='lat' dir='ltr'><strong>realem</strong></span> <span class='ocrx_word' id='word_1_58' title='bbox 468 994 714 1057; x_wconf 82' lang='lat' dir='ltr'><strong>distinctionem</strong></span> <span class='ocrx_word' id='word_1_59' title='bbox 728 996 797 1057; x_wconf 89' lang='lat' dir='ltr'><strong>dari</strong></span> <span class='ocrx_word' id='word_1_60' title='bbox 811 1014 944 1076; x_wconf 90' lang='lat' dir='ltr'><strong>quoque</strong></span> <span class='ocrx_word' id='word_1_61' title='bbox 955 997 1075 1060; x_wconf 89' lang='lat' dir='ltr'><strong>debere</strong></span> <span class='ocrx_word' id='word_1_62' title='bbox 1088 1000 1173 1063; x_wconf 89' lang='lat' dir='ltr'><strong>inter</strong></span> 
     </span>
     <span class='ocr_line' id='line_1_9' title="bbox 88 1091 1171 1177; baseline 0.001 -18"><span class='ocrx_word' id='word_1_63' title='bbox 88 1112 186 1177; x_wconf 78' lang='lat' dir='ltr'><strong>agens</strong></span> <span class='ocrx_word' id='word_1_64' title='bbox 203 1096 234 1155; x_wconf 85' lang='lat' dir='ltr'><strong>e&#39;t</strong></span> <span class='ocrx_word' id='word_1_65' title='bbox 248 1092 387 1155; x_wconf 88' lang='lat' dir='ltr'><strong>actionis</strong></span> <span class='ocrx_word' id='word_1_66' title='bbox 413 1091 608 1172; x_wconf 83' lang='lat' dir='ltr'><strong>subjectum.</strong></span> <span class='ocrx_word' id='word_1_67' title='bbox 637 1091 716 1155; x_wconf 90' lang='lat' dir='ltr'><strong>Nam</strong></span> <span class='ocrx_word' id='word_1_68' title='bbox 743 1094 870 1155; x_wconf 88' lang='lat' dir='ltr'><strong>etiamsi</strong></span> <span class='ocrx_word' id='word_1_69' title='bbox 888 1096 1032 1174; x_wconf 84' lang='lat' dir='ltr'><strong>potentia</strong></span> <span class='ocrx_word' id='word_1_70' title='bbox 1052 1107 1123 1176; x_wconf 77' lang='lat' dir='ltr'><strong>agat</strong></span> <span class='ocrx_word' id='word_1_71' title='bbox 1138 1099 1171 1160; x_wconf 92' lang='lat' dir='ltr'><strong>in</strong></span> 
     </span>
     <span class='ocr_line' id='line_1_10' title="bbox 88 1191 1174 1273; baseline 0.001 -15"><span class='ocrx_word' id='word_1_72' title='bbox 88 1194 205 1273; x_wconf 85' lang='lat' dir='ltr'><strong>seipsa,</strong></span> <span class='ocrx_word' id='word_1_73' title='bbox 225 1191 321 1253; x_wconf 84' lang='lat' dir='ltr'><strong>habet</strong></span> <span class='ocrx_word' id='word_1_74' title='bbox 346 1201 453 1252; x_wconf 88' lang='lat' dir='ltr'><strong>tamen</strong></span> <span class='ocrx_word' id='word_1_75' title='bbox 485 1209 559 1252; x_wconf 90' lang='lat' dir='ltr'><strong>cum</strong></span> <span class='ocrx_word' id='word_1_76' title='bbox 589 1192 704 1254; x_wconf 85' lang='lat' dir='ltr'><strong>effectu</strong></span> <span class='ocrx_word' id='word_1_77' title='bbox 725 1193 844 1254; x_wconf 85' lang='lat' dir='ltr'><strong>realem</strong></span> <span class='ocrx_word' id='word_1_78' title='bbox 861 1193 1071 1269; x_wconf 68' lang='lat' dir='ltr'><strong>relationem·</strong></span> <span class='ocrx_word' id='word_1_79' title='bbox 1085 1207 1174 1259; x_wconf 88' lang='lat' dir='ltr'><strong>certe</strong></span> 
     </span>
    </p>
   </div>
   <div class='ocr_carea' id='block_1_3' title="bbox 88 1289 1273 1372">
    <p class='ocr_par' dir='ltr' id='par_1_4' title="bbox 88 1289 1273 1372">
     <span class='ocr_line' id='line_1_11' title="bbox 88 1289 1273 1372; baseline 0.001 -15"><span class='ocrx_word' id='word_1_80' title='bbox 88 1295 175 1357; x_wconf 87' lang='lat' dir='ltr'><strong>enim</strong></span> <span class='ocrx_word' id='word_1_81' title='bbox 191 1291 245 1353; x_wconf 88' lang='lat' dir='ltr'><strong>hic</strong></span> <span class='ocrx_word' id='word_1_82' title='bbox 258 1308 389 1371; x_wconf 86' lang='lat' dir='ltr'><strong>quoque</strong></span> <span class='ocrx_word' id='word_1_83' title='bbox 405 1289 537 1352; x_wconf 84' lang='lat' dir='ltr'><strong>effectus</strong></span> <span class='ocrx_word' id='word_1_84' title='bbox 553 1290 927 1371; x_wconf 69' lang='lat' dir='ltr'><strong>inadequateabagente</strong></span> <span class='ocrx_word' id='word_1_85' title='bbox 942 1293 1171 1372; x_wconf 77' lang='lat' dir='ltr'><strong>distinguitur.</strong></span> <span class='ocrx_word' id='word_1_86' title='bbox 1271 1324 1273 1327; x_wconf 95' lang='lat'>·</span> 
     </span>
    </p>
   </div>
   <div class='ocr_carea' id='block_1_4' title="bbox 23 1388 1178 3924">
    <p class='ocr_par' dir='ltr' id='par_1_5' title="bbox 23 1388 1175 2061">
     <span class='ocr_line' id='line_1_12' title="bbox 86 1388 1175 1472; baseline 0.002 -19"><span class='ocrx_word' id='word_1_87' title='bbox 86 1390 180 1467; x_wconf 79' lang='lat' dir='ltr'><strong>Quod</strong></span> <span class='ocrx_word' id='word_1_88' title='bbox 194 1397 302 1450; x_wconf 84' lang='lat' dir='ltr'><strong>autem</strong></span> <span class='ocrx_word' id='word_1_89' title='bbox 315 1389 497 1466; x_wconf 79' lang='lat' dir='ltr'><strong>argumenti</strong></span> <span class='ocrx_word' id='word_1_90' title='bbox 511 1388 583 1454; x_wconf 86' lang='lat' dir='ltr'><strong>toco</strong></span> <span class='ocrx_word' id='word_1_91' title='bbox 595 1388 784 1451; x_wconf 83' lang='lat' dir='ltr'><strong>Aristoteles</strong></span> <span class='ocrx_word' id='word_1_92' title='bbox 798 1389 903 1453; x_wconf 83' lang='lat' dir='ltr'><strong>affert:</strong></span> <span class='ocrx_word' id='word_1_93' title='bbox 914 1410 1086 1472; x_wconf 65' lang='lat' dir='ltr'><strong>repondere</strong></span> <span class='ocrx_word' id='word_1_94' title='bbox 1096 1394 1175 1455; x_wconf 85' lang='lat' dir='ltr'><strong>idem</strong></span> 
     </span>
     <span class='ocr_line' id='line_1_13' title="bbox 88 1479 1175 1564; baseline 0.004 -14"><span class='ocrx_word' id='word_1_95' title='bbox 88 1508 147 1550; x_wconf 79' lang='lat' dir='ltr'><strong>csse</strong></span> <span class='ocrx_word' id='word_1_96' title='bbox 174 1488 340 1548; x_wconf 81' lang='lat' dir='ltr'><strong>secundum</strong></span> <span class='ocrx_word' id='word_1_97' title='bbox 368 1487 447 1547; x_wconf 82' lang='lat' dir='ltr'><strong>idem</strong></span> <span class='ocrx_word' id='word_1_98' title='bbox 474 1479 671 1564; x_wconf 72' lang='lat' dir='ltr'><strong>inpotentia</strong></span> <span class='ocrx_word' id='word_1_99' title='bbox 698 1488 791 1549; x_wconf 76' lang='lat' dir='ltr'><strong>simui</strong></span> <span class='ocrx_word' id='word_1_100' title='bbox 817 1498 844 1549; x_wconf 81' lang='lat' dir='ltr'><strong>et</strong></span> <span class='ocrx_word' id='word_1_101' title='bbox 858 1499 941 1559; x_wconf 81' lang='lat' dir='ltr'><strong>actu,</strong></span> <span class='ocrx_word' id='word_1_102' title='bbox 959 1490 1024 1550; x_wconf 86' lang='lat' dir='ltr'><strong>vim</strong></span> <span class='ocrx_word' id='word_1_103' title='bbox 1041 1490 1175 1554; x_wconf 86' lang='lat' dir='ltr'><strong>haberet</strong></span> 
     </span>
     <span class='ocr_line' id='line_1_14' title="bbox 88 1585 1174 1665; baseline 0.003 -17"><span class='ocrx_word' id='word_1_104' title='bbox 88 1585 315 1665; x_wconf 84' lang='lat' dir='ltr'><strong>utiquehacin</strong></span> <span class='ocrx_word' id='word_1_105' title='bbox 326 1603 371 1658; x_wconf 87' lang='lat' dir='ltr'><strong>rc,</strong></span> <span class='ocrx_word' id='word_1_106' title='bbox 381 1586 407 1645; x_wconf 91' lang='lat' dir='ltr'><strong>si</strong></span> <span class='ocrx_word' id='word_1_107' title='bbox 422 1585 508 1645; x_wconf 90' lang='lat' dir='ltr'><strong>idem</strong></span> <span class='ocrx_word' id='word_1_108' title='bbox 524 1585 705 1647; x_wconf 90' lang='lat' dir='ltr'><strong>secundum</strong></span> <span class='ocrx_word' id='word_1_109' title='bbox 718 1586 865 1647; x_wconf 87' lang='lat' dir='ltr'><strong>eamdent</strong></span> <span class='ocrx_word' id='word_1_110' title='bbox 879 1586 1074 1664; x_wconf 74' lang='lat' dir='ltr'><strong>facultatem,</strong></span> <span class='ocrx_word' id='word_1_111' title='bbox 1090 1589 1174 1651; x_wconf 89' lang='lat' dir='ltr'><strong>dice·</strong></span> 
     </span>
     <span class='ocr_line' id='line_1_15' title="bbox 89 1682 1175 1766; baseline 0.002 -19"><span class='ocrx_word' id='word_1_112' title='bbox 89 1695 179 1747; x_wconf 85' lang='lat' dir='ltr'><strong>retur</strong></span> <span class='ocrx_word' id='word_1_113' title='bbox 190 1701 261 1744; x_wconf 85' lang='lat' dir='ltr'><strong>esse</strong></span> <span class='ocrx_word' id='word_1_114' title='bbox 273 1700 371 1762; x_wconf 80' lang='lat' dir='ltr'><strong>agens</strong></span> <span class='ocrx_word' id='word_1_115' title='bbox 385 1682 418 1743; x_wconf 94' lang='lat' dir='ltr'><strong>in</strong></span> <span class='ocrx_word' id='word_1_116' title='bbox 432 1682 575 1761; x_wconf 88' lang='lat' dir='ltr'><strong>potentia</strong></span> <span class='ocrx_word' id='word_1_117' title='bbox 592 1682 689 1744; x_wconf 85' lang='lat' dir='ltr'><strong>simul</strong></span> <span class='ocrx_word' id='word_1_118' title='bbox 705 1693 734 1744; x_wconf 89' lang='lat' dir='ltr'><strong>et</strong></span> <span class='ocrx_word' id='word_1_119' title='bbox 748 1683 780 1743; x_wconf 91' lang='lat' dir='ltr'><strong>iu</strong></span> <span class='ocrx_word' id='word_1_120' title='bbox 794 1694 883 1758; x_wconf 88' lang='lat' dir='ltr'><strong>actu;</strong></span> <span class='ocrx_word' id='word_1_121' title='bbox 900 1684 1025 1762; x_wconf 84' lang='lat' dir='ltr'><strong>patiens</strong></span> <span class='ocrx_word' id='word_1_122' title='bbox 1042 1704 1175 1766; x_wconf 84' lang='lat' dir='ltr'><strong>quoque</strong></span> 
     </span>
     <span class='ocr_line' id='line_1_16' title="bbox 87 1780 1174 1862; baseline 0.002 -17"><span class='ocrx_word' id='word_1_123' title='bbox 87 1782 120 1845; x_wconf 93' lang='lat' dir='ltr'><strong>in</strong></span> <span class='ocrx_word' id='word_1_124' title='bbox 135 1780 392 1862; x_wconf 84' lang='lat' dir='ltr'><strong>potentiasirnul</strong></span> <span class='ocrx_word' id='word_1_125' title='bbox 406 1790 436 1842; x_wconf 91' lang='lat' dir='ltr'><strong>et</strong></span> <span class='ocrx_word' id='word_1_126' title='bbox 452 1781 486 1841; x_wconf 91' lang='lat' dir='ltr'><strong>in</strong></span> <span class='ocrx_word' id='word_1_127' title='bbox 502 1789 593 1856; x_wconf 85' lang='lat' dir='ltr'><strong>actu;</strong></span> <span class='ocrx_word' id='word_1_128' title='bbox 607 1781 730 1843; x_wconf 76' lang='lat' dir='ltr'><strong>nuliam</strong></span> <span class='ocrx_word' id='word_1_129' title='bbox 755 1791 862 1843; x_wconf 86' lang='lat' dir='ltr'><strong>autem</strong></span> <span class='ocrx_word' id='word_1_130' title='bbox 880 1783 945 1844; x_wconf 87' lang='lat' dir='ltr'><strong>vim</strong></span> <span class='ocrx_word' id='word_1_131' title='bbox 962 1784 1070 1857; x_wconf 86' lang='lat' dir='ltr'><strong>habet,</strong></span> <span class='ocrx_word' id='word_1_132' title='bbox 1082 1785 1110 1846; x_wconf 87' lang='lat' dir='ltr'><strong>si</strong></span> <span class='ocrx_word' id='word_1_133' title='bbox 1123 1785 1174 1846; x_wconf 92' lang='lat' dir='ltr'><strong>di·</strong></span> 
     </span>
     <span class='ocr_line' id='line_1_17' title="bbox 23 1871 1175 1962; baseline 0.003 -21"><span class='ocrx_word' id='word_1_134' title='bbox 23 1871 24 1914; x_wconf 66' lang='lat'>³</span> <span class='ocrx_word' id='word_1_135' title='bbox 86 1890 177 1942; x_wconf 89' lang='lat' dir='ltr'><strong>catur</strong></span> <span class='ocrx_word' id='word_1_136' title='bbox 195 1877 283 1939; x_wconf 89' lang='lat' dir='ltr'><strong>idem</strong></span> <span class='ocrx_word' id='word_1_137' title='bbox 300 1878 479 1947; x_wconf 89' lang='lat' dir='ltr'><strong>secundum</strong></span> <span class='ocrx_word' id='word_1_138' title='bbox 506 1877 653 1939; x_wconf 83' lang='lat' dir='ltr'><strong>eamdem</strong></span> <span class='ocrx_word' id='word_1_139' title='bbox 680 1877 864 1941; x_wconf 78' lang='lat' dir='ltr'><strong>facultatem</strong></span> <span class='ocrx_word' id='word_1_140' title='bbox 881 1899 951 1942; x_wconf 90' lang='lat' dir='ltr'><strong>esse</strong></span> <span class='ocrx_word' id='word_1_141' title='bbox 965 1882 1062 1943; x_wconf 86' lang='lat' dir='ltr'><strong>simui</strong></span> <span class='ocrx_word' id='word_1_142' title='bbox 1077 1900 1175 1962; x_wconf 78' lang='lat' dir='ltr'><strong>agens</strong></span> 
     </span>
     <span class='ocr_line' id='line_1_18' title="bbox 86 1974 1172 2061; baseline 0.005 -22"><span class='ocrx_word' id='word_1_143' title='bbox 86 1987 116 2039; x_wconf 90' lang='lat' dir='ltr'><strong>et</strong></span> <span class='ocrx_word' id='word_1_144' title='bbox 127 1976 258 2057; x_wconf 90' lang='lat' dir='ltr'><strong>patiens</strong></span> <span class='ocrx_word' id='word_1_145' title='bbox 271 1976 305 2037; x_wconf 93' lang='lat' dir='ltr'><strong>in</strong></span> <span class='ocrx_word' id='word_1_146' title='bbox 320 1976 473 2056; x_wconf 84' lang='lat' dir='ltr'><strong>potentia,</strong></span> <span class='ocrx_word' id='word_1_147' title='bbox 487 1993 524 2037; x_wconf 88' lang='lat' dir='ltr'><strong>ac</strong></span> <span class='ocrx_word' id='word_1_148' title='bbox 536 1974 613 2037; x_wconf 89' lang='lat' dir='ltr'><strong>dein</strong></span> <span class='ocrx_word' id='word_1_149' title='bbox 629 1993 727 2054; x_wconf 70' lang='lat' dir='ltr'><strong>agens</strong></span> <span class='ocrx_word' id='word_1_150' title='bbox 738 1977 837 2037; x_wconf 84' lang='lat' dir='ltr'><strong>simul</strong></span> <span class='ocrx_word' id='word_1_151' title='bbox 854 1990 884 2038; x_wconf 90' lang='lat' dir='ltr'><strong>et</strong></span> <span class='ocrx_word' id='word_1_152' title='bbox 901 1979 1026 2058; x_wconf 83' lang='lat' dir='ltr'><strong>patiens</strong></span> <span class='ocrx_word' id='word_1_153' title='bbox 1043 1981 1073 2042; x_wconf 93' lang='lat' dir='ltr'><strong>in</strong></span> <span class='ocrx_word' id='word_1_154' title='bbox 1087 1990 1172 2061; x_wconf 84' lang='lat' dir='ltr'><strong>actu.</strong></span> 
     </span>
    </p>

    <p class='ocr_par' dir='ltr' id='par_1_6' title="bbox 87 2062 834 2163">
     <span class='ocr_line' id='line_1_19' title="bbox 87 2062 834 2163; baseline -0.007 -22"><span class='ocrx_word' id='word_1_155' title='bbox 87 2078 122 2142; x_wconf 87' lang='grc' dir='ltr'><strong>ιιι</strong></span> <span class='ocrx_word' id='word_1_156' title='bbox 140 2062 204 2137; x_wconf 85' lang='lat' dir='ltr'><strong>hoc</strong></span> <span class='ocrx_word' id='word_1_157' title='bbox 220 2074 310 2136; x_wconf 90' lang='lat' dir='ltr'><strong>enim</strong></span> <span class='ocrx_word' id='word_1_158' title='bbox 328 2074 456 2163; x_wconf 81' lang='lat' dir='ltr'><strong>nullum</strong></span> <span class='ocrx_word' id='word_1_159' title='bbox 472 2082 519 2136; x_wconf 88' lang='lat' dir='ltr'><strong>est</strong></span> <span class='ocrx_word' id='word_1_160' title='bbox 536 2072 770 2137; x_wconf 87' lang='lat' dir='ltr'><strong>inconveniens</strong></span> <span class='ocrx_word' id='word_1_161' title='bbox 786 2078 834 2151; x_wconf 79' lang='lat' dir='ltr'><strong>(t).</strong></span> 
     </span>
    </p>

    <p class='ocr_par' dir='ltr' id='par_1_7' title="bbox 84 2173 1176 2552">
     <span class='ocr_line' id='line_1_20' title="bbox 98 2173 1174 2253; baseline 0.002 -19"><span class='ocrx_word' id='word_1_162' title='bbox 98 2223 111 2234; x_wconf 82' lang='grc'><em>.</em></span> <span class='ocrx_word' id='word_1_163' title='bbox 124 2174 328 2236; x_wconf 77' lang='lat' dir='ltr'><strong>5⁰Caeterurn</strong></span> <span class='ocrx_word' id='word_1_164' title='bbox 337 2173 363 2234; x_wconf 90' lang='lat' dir='ltr'><strong>si</strong></span> <span class='ocrx_word' id='word_1_165' title='bbox 373 2180 640 2253; x_wconf 80' lang='lat' dir='ltr'><strong>specteturagens</strong></span> <span class='ocrx_word' id='word_1_166' title='bbox 649 2173 776 2235; x_wconf 87' lang='lat' dir='ltr'><strong>tinitum</strong></span> <span class='ocrx_word' id='word_1_167' title='bbox 787 2183 822 2236; x_wconf 93' lang='lat' dir='ltr'><strong>ut</strong></span> <span class='ocrx_word' id='word_1_168' title='bbox 832 2173 944 2252; x_wconf 83' lang='lat' dir='ltr'><strong>primae</strong></span> <span class='ocrx_word' id='word_1_169' title='bbox 953 2192 1174 2238; x_wconf 83' lang='lat' dir='ltr'><strong>eausaeseoum</strong></span> 
     </span>
     <span class='ocr_line' id='line_1_21' title="bbox 85 2271 1173 2354; baseline -0.001 -18"><span class='ocrx_word' id='word_1_170' title='bbox 85 2272 297 2354; x_wconf 85' lang='lat' dir='ltr'><strong>cooperantis</strong></span> <span class='ocrx_word' id='word_1_171' title='bbox 316 2271 500 2352; x_wconf 87' lang='lat' dir='ltr'><strong>adjunctam</strong></span> <span class='ocrx_word' id='word_1_172' title='bbox 530 2271 680 2342; x_wconf 82' lang='lat' dir='ltr'><strong>virtutem</strong></span> <span class='ocrx_word' id='word_1_173' title='bbox 713 2271 858 2335; x_wconf 87' lang='lat' dir='ltr'><strong>habens:</strong></span> <span class='ocrx_word' id='word_1_174' title='bbox 878 2272 1005 2336; x_wconf 81' lang='lat' dir='ltr'><strong>nulium</strong></span> <span class='ocrx_word' id='word_1_175' title='bbox 1021 2273 1173 2345; x_wconf 85' lang='lat' dir='ltr'><strong>dubium,</strong></span> 
     </span>
     <span class='ocr_line' id='line_1_22' title="bbox 84 2371 1176 2453; baseline 0 -18"><span class='ocrx_word' id='word_1_176' title='bbox 84 2372 289 2453; x_wconf 74' lang='lat' dir='ltr'><strong>adaequatam</strong></span> <span class='ocrx_word' id='word_1_177' title='bbox 298 2371 432 2434; x_wconf 84' lang='lat' dir='ltr'><strong>activam</strong></span> <span class='ocrx_word' id='word_1_178' title='bbox 442 2371 647 2451; x_wconf 85' lang='lat' dir='ltr'><strong>potentiama</strong></span> <span class='ocrx_word' id='word_1_179' title='bbox 657 2388 750 2449; x_wconf 88' lang='lat' dir='ltr'><strong>passo</strong></span> <span class='ocrx_word' id='word_1_180' title='bbox 762 2371 920 2451; x_wconf 73' lang='lat' dir='ltr'><strong>distingui</strong></span> <span class='ocrx_word' id='word_1_181' title='bbox 934 2372 1046 2434; x_wconf 87' lang='lat' dir='ltr'><strong>saltem</strong></span> <span class='ocrx_word' id='word_1_182' title='bbox 1057 2371 1176 2434; x_wconf 74' lang='lat' dir='ltr'><strong>inadm-</strong></span> 
     </span>
     <span class='ocr_line' id='line_1_23' title="bbox 87 2469 1139 2552; baseline -0.001 -19"><span class='ocrx_word' id='word_1_183' title='bbox 87 2480 195 2552; x_wconf 86' lang='lat' dir='ltr'><strong>quate‚</strong></span> <span class='ocrx_word' id='word_1_184' title='bbox 215 2469 368 2531; x_wconf 86' lang='lat' dir='ltr'><strong>videlicet</strong></span> <span class='ocrx_word' id='word_1_185' title='bbox 383 2487 447 2548; x_wconf 90' lang='lat' dir='ltr'><strong>qua</strong></span> <span class='ocrx_word' id='word_1_186' title='bbox 464 2480 554 2548; x_wconf 81' lang='lat' dir='ltr'><strong>parte</strong></span> <span class='ocrx_word' id='word_1_187' title='bbox 568 2469 681 2546; x_wconf 76' lang='lat' dir='ltr'><strong>primm</strong></span> <span class='ocrx_word' id='word_1_188' title='bbox 696 2487 802 2531; x_wconf 88' lang='lat' dir='ltr'><strong>causae</strong></span> <span class='ocrx_word' id='word_1_189' title='bbox 817 2470 969 2531; x_wconf 88' lang='lat' dir='ltr'><strong>virtutem</strong></span> <span class='ocrx_word' id='word_1_190' title='bbox 986 2470 1139 2532; x_wconf 88' lang='lat' dir='ltr'><strong>includit.</strong></span> 
     </span>
    </p>

    <p class='ocr_par' dir='ltr' id='par_1_8' title="bbox 80 2564 1176 3041">
     <span class='ocr_line' id='line_1_24' title="bbox 123 2564 1176 2640; baseline 0.003 -10"><span class='ocrx_word' id='word_1_191' title='bbox 123 2568 157 2630; x_wconf 89' lang='lat'><strong>6⁰</strong></span> <span class='ocrx_word' id='word_1_192' title='bbox 179 2564 240 2630; x_wconf 84' lang='lat' dir='ltr'><strong>Est</strong></span> <span class='ocrx_word' id='word_1_193' title='bbox 257 2568 334 2629; x_wconf 91' lang='lat' dir='ltr'><strong>item</strong></span> <span class='ocrx_word' id='word_1_194' title='bbox 351 2565 571 2640; x_wconf 84' lang='lat' dir='ltr'><strong>manifestum,</strong></span> <span class='ocrx_word' id='word_1_195' title='bbox 585 2568 784 2630; x_wconf 80' lang='lat' dir='ltr'><strong>voluntatem</strong></span> <span class='ocrx_word' id='word_1_196' title='bbox 800 2588 834 2629; x_wconf 86' lang='lat' dir='ltr'><strong>se</strong></span> <span class='ocrx_word' id='word_1_197' title='bbox 850 2567 890 2628; x_wconf 88' lang='lat' dir='ltr'><strong>ad</strong></span> <span class='ocrx_word' id='word_1_198' title='bbox 903 2579 1011 2630; x_wconf 86' lang='lat' dir='ltr'><strong>actum</strong></span> <span class='ocrx_word' id='word_1_199' title='bbox 1024 2586 1089 2631; x_wconf 88' lang='lat' dir='ltr'><strong>nou</strong></span> <span class='ocrx_word' id='word_1_200' title='bbox 1107 2586 1176 2633; x_wconf 88' lang='lat' dir='ltr'><strong>rno-</strong></span> 
     </span>
     <span class='ocr_line' id='line_1_25' title="bbox 81 2663 1175 2747; baseline 0 -19"><span class='ocrx_word' id='word_1_201' title='bbox 81 2684 167 2742; x_wconf 85' lang='lat' dir='ltr'><strong>vere,</strong></span> <span class='ocrx_word' id='word_1_202' title='bbox 185 2666 255 2729; x_wconf 85' lang='lat' dir='ltr'><strong>nisi</strong></span> <span class='ocrx_word' id='word_1_203' title='bbox 271 2667 347 2747; x_wconf 88' lang='lat' dir='ltr'><strong>quia</strong></span> <span class='ocrx_word' id='word_1_204' title='bbox 362 2684 378 2726; x_wconf 93' lang='lat' dir='ltr'><strong>a</strong></span> <span class='ocrx_word' id='word_1_205' title='bbox 393 2665 456 2726; x_wconf 86' lang='lat' dir='ltr'><strong>fine</strong></span> <span class='ocrx_word' id='word_1_206' title='bbox 486 2676 644 2728; x_wconf 85' lang='lat' dir='ltr'><strong>movetur.</strong></span> <span class='ocrx_word' id='word_1_207' title='bbox 676 2663 847 2736; x_wconf 82' lang='lat' dir='ltr'><strong>Quomodo</strong></span> <span class='ocrx_word' id='word_1_208' title='bbox 863 2684 938 2728; x_wconf 88' lang='lat' dir='ltr'><strong>vcro</strong></span> <span class='ocrx_word' id='word_1_209' title='bbox 954 2677 1043 2728; x_wconf 90' lang='lat' dir='ltr'><strong>actus</strong></span> <span class='ocrx_word' id='word_1_210' title='bbox 1060 2667 1175 2731; x_wconf 86' lang='lat' dir='ltr'><strong>volun·</strong></span> 
     </span>
     <span class='ocr_line' id='line_1_26' title="bbox 80 2764 1175 2846; baseline -0.005 -17"><span class='ocrx_word' id='word_1_211' title='bbox 80 2766 156 2829; x_wconf 85' lang='lat' dir='ltr'><strong>tatis</strong></span> <span class='ocrx_word' id='word_1_212' title='bbox 173 2767 234 2846; x_wconf 89' lang='lat' dir='ltr'><strong>qui</strong></span> <span class='ocrx_word' id='word_1_213' title='bbox 254 2766 402 2843; x_wconf 83' lang='lat' dir='ltr'><strong>estoiroa</strong></span> <span class='ocrx_word' id='word_1_214' title='bbox 431 2766 541 2836; x_wconf 84' lang='lat' dir='ltr'><strong>finem,</strong></span> <span class='ocrx_word' id='word_1_215' title='bbox 573 2774 747 2826; x_wconf 77' lang='lat' dir='ltr'><strong>concurrat</strong></span> <span class='ocrx_word' id='word_1_216' title='bbox 762 2764 800 2825; x_wconf 86' lang='lat' dir='ltr'><strong>ad</strong></span> <span class='ocrx_word' id='word_1_217' title='bbox 818 2775 908 2827; x_wconf 89' lang='lat' dir='ltr'><strong>actus</strong></span> <span class='ocrx_word' id='word_1_218' title='bbox 925 2764 982 2844; x_wconf 90' lang='lat' dir='ltr'><strong>qui</strong></span> <span class='ocrx_word' id='word_1_219' title='bbox 998 2775 1074 2826; x_wconf 90' lang='lat' dir='ltr'><strong>sunt</strong></span> <span class='ocrx_word' id='word_1_220' title='bbox 1089 2767 1175 2827; x_wconf 87' lang='lat' dir='ltr'><strong>circa</strong></span> 
     </span>
     <span class='ocr_line' id='line_1_27' title="bbox 81 2862 1176 2943; baseline -0.004 -16"><span class='ocrx_word' id='word_1_221' title='bbox 81 2865 205 2940; x_wconf 85' lang='lat' dir='ltr'><strong>media,</strong></span> <span class='ocrx_word' id='word_1_222' title='bbox 224 2881 268 2925; x_wconf 86' lang='lat' dir='ltr'><strong>an</strong></span> <span class='ocrx_word' id='word_1_223' title='bbox 293 2873 446 2943; x_wconf 88' lang='lat' dir='ltr'><strong>tanquam</strong></span> <span class='ocrx_word' id='word_1_224' title='bbox 476 2880 572 2925; x_wconf 87' lang='lat' dir='ltr'><strong>causa</strong></span> <span class='ocrx_word' id='word_1_225' title='bbox 599 2862 744 2942; x_wconf 87' lang='lat' dir='ltr'><strong>physica,</strong></span> <span class='ocrx_word' id='word_1_226' title='bbox 762 2878 802 2922; x_wconf 94' lang='lat' dir='ltr'><strong>an</strong></span> <span class='ocrx_word' id='word_1_227' title='bbox 819 2879 894 2924; x_wconf 88' lang='lat' dir='ltr'><strong>vero</strong></span> <span class='ocrx_word' id='word_1_228' title='bbox 910 2875 1064 2942; x_wconf 87' lang='lat' dir='ltr'><strong>tanquam</strong></span> <span class='ocrx_word' id='word_1_229' title='bbox 1080 2879 1176 2924; x_wconf 80' lang='lat' dir='ltr'><strong>eausa</strong></span> 
     </span>
     <span class='ocr_line' id='line_1_28' title="bbox 81 2960 784 3041; baseline -0.009 -15"><span class='ocrx_word' id='word_1_230' title='bbox 81 2963 234 3033; x_wconf 71' lang='lat' dir='ltr'><strong>moralis.</strong></span> <span class='ocrx_word' id='word_1_231' title='bbox 255 2963 318 3025; x_wconf 89' lang='lat' dir='ltr'><strong>hoc</strong></span> <span class='ocrx_word' id='word_1_232' title='bbox 334 2979 479 3041; x_wconf 70' lang='lat' dir='ltr'><strong>quaerere</strong></span> <span class='ocrx_word' id='word_1_233' title='bbox 494 2960 628 3022; x_wconf 89' lang='lat' dir='ltr'><strong>alterius</strong></span> <span class='ocrx_word' id='word_1_234' title='bbox 644 2970 690 3020; x_wconf 84' lang='lat' dir='ltr'><strong>est</strong></span> <span class='ocrx_word' id='word_1_235' title='bbox 708 2960 784 3021; x_wconf 90' lang='lat' dir='ltr'><strong>loci.</strong></span> 
     </span>
    </p>

    <p class='ocr_par' dir='ltr' id='par_1_9' title="bbox 80 3058 1176 3339">
     <span class='ocr_line' id='line_1_29' title="bbox 120 3058 1176 3139; baseline -0.006 -15"><span class='ocrx_word' id='word_1_236' title='bbox 120 3063 198 3127; x_wconf 74' lang='lat'><strong>584.</strong></span> <span class='ocrx_word' id='word_1_237' title='bbox 223 3060 382 3135; x_wconf 82' lang='lat' dir='ltr'><strong>Tandem,</strong></span> <span class='ocrx_word' id='word_1_238' title='bbox 401 3072 436 3122; x_wconf 89' lang='lat' dir='ltr'><strong>ut</strong></span> <span class='ocrx_word' id='word_1_239' title='bbox 452 3061 491 3121; x_wconf 92' lang='lat' dir='ltr'><strong>ad</strong></span> <span class='ocrx_word' id='word_1_240' title='bbox 510 3060 713 3139; x_wconf 82' lang='lat' dir='ltr'><strong>propositum</strong></span> <span class='ocrx_word' id='word_1_241' title='bbox 745 3059 882 3138; x_wconf 78' lang='lat' dir='ltr'><strong>propius</strong></span> <span class='ocrx_word' id='word_1_242' title='bbox 904 3059 1107 3132; x_wconf 87' lang='lat' dir='ltr'><strong>accedamus,</strong></span> <span class='ocrx_word' id='word_1_243' title='bbox 1124 3058 1176 3119; x_wconf 91' lang='lat' dir='ltr'><strong>di-</strong></span> 
     </span>
     <span class='ocr_line' id='line_1_30' title="bbox 80 3154 1176 3234; baseline -0.004 -12"><span class='ocrx_word' id='word_1_244' title='bbox 80 3160 228 3222; x_wconf 86' lang='lat' dir='ltr'><strong>oeodum</strong></span> <span class='ocrx_word' id='word_1_245' title='bbox 246 3168 294 3220; x_wconf 90' lang='lat' dir='ltr'><strong>est</strong></span> <span class='ocrx_word' id='word_1_246' title='bbox 310 3157 349 3218; x_wconf 89' lang='lat' dir='ltr'><strong>de</strong></span> <span class='ocrx_word' id='word_1_247' title='bbox 366 3157 463 3218; x_wconf 85' lang='lat' dir='ltr'><strong>variis</strong></span> <span class='ocrx_word' id='word_1_248' title='bbox 480 3157 698 3219; x_wconf 85' lang='lat' dir='ltr'><strong>mutationum</strong></span> <span class='ocrx_word' id='word_1_249' title='bbox 713 3154 896 3234; x_wconf 86' lang='lat' dir='ltr'><strong>speciebus,</strong></span> <span class='ocrx_word' id='word_1_250' title='bbox 910 3167 941 3217; x_wconf 86' lang='lat' dir='ltr'><strong>et</strong></span> <span class='ocrx_word' id='word_1_251' title='bbox 955 3156 995 3216; x_wconf 88' lang='lat' dir='ltr'><strong>de</strong></span> <span class='ocrx_word' id='word_1_252' title='bbox 1008 3155 1176 3218; x_wconf 85' lang='lat' dir='ltr'><strong>identitate</strong></span> 
     </span>
     <span class='ocr_line' id='line_1_31' title="bbox 81 3256 868 3339; baseline -0.009 -18"><span class='ocrx_word' id='word_1_253' title='bbox 81 3277 153 3339; x_wconf 85' lang='lat' dir='ltr'><strong>quoe</strong></span> <span class='ocrx_word' id='word_1_254' title='bbox 170 3258 350 3320; x_wconf 86' lang='lat' dir='ltr'><strong>mutationi</strong></span> <span class='ocrx_word' id='word_1_255' title='bbox 367 3256 559 3336; x_wconf 85' lang='lat' dir='ltr'><strong>opponitur.</strong></span> <span class='ocrx_word' id='word_1_256' title='bbox 866 3326 868 3333; x_wconf 12' lang='grc' dir='ltr'>χ</span> 
     </span>
    </p>

    <p class='ocr_par' dir='ltr' id='par_1_10' title="bbox 83 3352 1176 3538">
     <span class='ocr_line' id='line_1_32' title="bbox 120 3352 1176 3436; baseline -0.006 -15"><span class='ocrx_word' id='word_1_257' title='bbox 120 3359 263 3422; x_wconf 85' lang='lat' dir='ltr'><strong>Mutatio</strong></span> <span class='ocrx_word' id='word_1_258' title='bbox 279 3358 448 3428; x_wconf 84' lang='lat' dir='ltr'><strong>naturalis,</strong></span> <span class='ocrx_word' id='word_1_259' title='bbox 465 3352 581 3436; x_wconf 77' lang='lat' dir='ltr'><strong>de&#39;qua</strong></span> <span class='ocrx_word' id='word_1_260' title='bbox 594 3355 774 3436; x_wconf 87' lang='lat' dir='ltr'><strong>loquimur,</strong></span> <span class='ocrx_word' id='word_1_261' title='bbox 789 3353 822 3414; x_wconf 91' lang='lat' dir='ltr'><strong>in</strong></span> <span class='ocrx_word' id='word_1_262' title='bbox 838 3363 911 3415; x_wconf 86' lang='lat' dir='ltr'><strong>ente</strong></span> <span class='ocrx_word' id='word_1_263' title='bbox 925 3354 975 3415; x_wconf 87' lang='lat' dir='ltr'><strong>his</strong></span> <span class='ocrx_word' id='word_1_264' title='bbox 987 3353 1176 3432; x_wconf 74' lang='lat' dir='ltr'><strong>contingere</strong></span> 
     </span>
     <span class='ocr_line' id='line_1_33' title="bbox 83 3467 218 3538; baseline -0.022 -16"><span class='ocrx_word' id='word_1_265' title='bbox 83 3467 218 3538; x_wconf 83' lang='lat' dir='ltr'><strong>potest:</strong></span> 
     </span>
    </p>

    <p class='ocr_par' dir='ltr' id='par_1_11' title="bbox 82 3548 1178 3924">
     <span class='ocr_line' id='line_1_34' title="bbox 122 3548 1176 3632; baseline -0.009 -13"><span class='ocrx_word' id='word_1_266' title='bbox 122 3558 155 3619; x_wconf 77' lang='grc' dir='ltr'><strong>ιο</strong></span> <span class='ocrx_word' id='word_1_267' title='bbox 179 3554 247 3616; x_wconf 88' lang='lat' dir='ltr'><strong>Per</strong></span> <span class='ocrx_word' id='word_1_268' title='bbox 263 3571 427 3616; x_wconf 85' lang='lat' dir='ltr'><strong>accessum</strong></span> <span class='ocrx_word' id='word_1_269' title='bbox 451 3550 590 3632; x_wconf 85' lang='lat' dir='ltr'><strong>alicujus</strong></span> <span class='ocrx_word' id='word_1_270' title='bbox 615 3550 804 3612; x_wconf 86' lang='lat' dir='ltr'><strong>substantiae</strong></span> <span class='ocrx_word' id='word_1_271' title='bbox 820 3549 858 3609; x_wconf 91' lang='lat' dir='ltr'><strong>ad</strong></span> <span class='ocrx_word' id='word_1_272' title='bbox 876 3549 1011 3610; x_wconf 87' lang='lat' dir='ltr'><strong>alteram</strong></span> <span class='ocrx_word' id='word_1_273' title='bbox 1026 3548 1176 3610; x_wconf 87' lang='lat' dir='ltr'><strong>substan-</strong></span> 
     </span>
     <span class='ocr_line' id='line_1_35' title="bbox 82 3645 1177 3731; baseline -0.008 -15"><span class='ocrx_word' id='word_1_274' title='bbox 82 3654 174 3727; x_wconf 82' lang='lat' dir='ltr'><strong>tiam,</strong></span> <span class='ocrx_word' id='word_1_275' title='bbox 196 3662 236 3715; x_wconf 86' lang='lat' dir='ltr'><strong>ut</strong></span> <span class='ocrx_word' id='word_1_276' title='bbox 252 3671 279 3712; x_wconf 89' lang='lat' dir='ltr'><strong>v.</strong></span> <span class='ocrx_word' id='word_1_277' title='bbox 297 3669 345 3731; x_wconf 80' lang='lat' dir='ltr'><strong>gr.</strong></span> <span class='ocrx_word' id='word_1_278' title='bbox 364 3651 472 3731; x_wconf 83' lang='lat' dir='ltr'><strong>planta</strong></span> <span class='ocrx_word' id='word_1_279' title='bbox 489 3655 632 3710; x_wconf 89' lang='lat' dir='ltr'><strong>mutatur</strong></span> <span class='ocrx_word' id='word_1_280' title='bbox 657 3665 788 3708; x_wconf 87' lang='lat' dir='ltr'><strong>accessu</strong></span> <span class='ocrx_word' id='word_1_281' title='bbox 816 3663 974 3708; x_wconf 81' lang='lat' dir='ltr'><strong>novarum</strong></span> <span class='ocrx_word' id='word_1_282' title='bbox 1004 3645 1177 3725; x_wconf 83' lang='lat' dir='ltr'><strong>particula·</strong></span> 
     </span>
     <span class='ocr_line' id='line_1_36' title="bbox 82 3744 1178 3832; baseline -0.006 -18"><span class='ocrx_word' id='word_1_283' title='bbox 82 3771 156 3817; x_wconf 92' lang='lat' dir='ltr'><strong>rum</strong></span> <span class='ocrx_word' id='word_1_284' title='bbox 173 3769 262 3832; x_wconf 84' lang='lat' dir='ltr'><strong>quas</strong></span> <span class='ocrx_word' id='word_1_285' title='bbox 290 3750 355 3812; x_wconf 86' lang='lat' dir='ltr'><strong>sibi</strong></span> <span class='ocrx_word' id='word_1_286' title='bbox 381 3749 534 3811; x_wconf 86' lang='lat' dir='ltr'><strong>adsciscit</strong></span> <span class='ocrx_word' id='word_1_287' title='bbox 559 3757 591 3811; x_wconf 87' lang='lat' dir='ltr'><strong>et</strong></span> <span class='ocrx_word' id='word_1_288' title='bbox 615 3746 794 3819; x_wconf 86' lang='lat' dir='ltr'><strong>assitnilat;</strong></span> <span class='ocrx_word' id='word_1_289' title='bbox 811 3748 859 3808; x_wconf 87' lang='lat' dir='ltr'><strong>vel</strong></span> <span class='ocrx_word' id='word_1_290' title='bbox 885 3744 1178 3826; x_wconf 81' lang='lat' dir='ltr'><strong>persubstantiaec</strong></span> 
     </span>
     <span class='ocr_line' id='line_1_37' title="bbox 82 3842 1177 3924; baseline -0.01 -9"><span class='ocrx_word' id='word_1_291' title='bbox 82 3849 272 3916; x_wconf 79' lang='lat' dir='ltr'><strong>substantia</strong></span> <span class='ocrx_word' id='word_1_292' title='bbox 300 3866 463 3910; x_wconf 84' lang='lat' dir='ltr'><strong>recessum</strong></span> <span class='ocrx_word' id='word_1_293' title='bbox 479 3864 487 3909; x_wconf 89' lang='lat'>:</span> <span class='ocrx_word' id='word_1_294' title='bbox 505 3855 540 3908; x_wconf 90' lang='lat' dir='ltr'><strong>ut</strong></span> <span class='ocrx_word' id='word_1_295' title='bbox 554 3865 583 3909; x_wconf 84' lang='lat' dir='ltr'><strong>v.</strong></span> <span class='ocrx_word' id='word_1_296' title='bbox 601 3863 649 3924; x_wconf 77' lang='lat' dir='ltr'><strong>gr.</strong></span> <span class='ocrx_word' id='word_1_297' title='bbox 668 3853 812 3907; x_wconf 85' lang='lat' dir='ltr'><strong>mutatur</strong></span> <span class='ocrx_word' id='word_1_298' title='bbox 840 3860 960 3922; x_wconf 84' lang='lat' dir='ltr'><strong>eorpus</strong></span> <span class='ocrx_word' id='word_1_299' title='bbox 989 3842 1177 3916; x_wconf 64' lang='lat' dir='ltr'><strong>animantis</strong></span> 
     </span>
    </p>
   </div>
   <div class='ocr_carea' id='block_1_5' title="bbox 23 3958 1119 4026">
    <p class='ocr_par' dir='ltr' id='par_1_12' title="bbox 23 3958 1119 4026">
     <span class='ocr_line' id='line_1_38' title="bbox 23 3958 1119 4026; baseline -0.007 -11"><span class='ocrx_word' id='word_1_300' title='bbox 23 3964 24 4023; x_wconf 66' lang='lat' dir='ltr'>j</span> <span class='ocrx_word' id='word_1_301' title='bbox 111 3972 144 4026; x_wconf 83' lang='lat' dir='ltr'><strong>(t)</strong></span> <span class='ocrx_word' id='word_1_302' title='bbox 154 3968 344 4015; x_wconf 68' lang='lat' dir='ltr'><strong>(losnensium</strong></span> <span class='ocrx_word' id='word_1_303' title='bbox 357 3966 386 4013; x_wconf 84' lang='lat' dir='ltr'><strong>de</strong></span> <span class='ocrx_word' id='word_1_304' title='bbox 398 3965 434 4011; x_wconf 79' lang='lat' dir='ltr'><strong>tris</strong></span> <span class='ocrx_word' id='word_1_305' title='bbox 445 3965 602 4012; x_wconf 80' lang='lat' dir='ltr'><strong>disserentem</strong></span> <span class='ocrx_word' id='word_1_306' title='bbox 614 3963 668 4010; x_wconf 76' lang='lat' dir='ltr'><strong>Met.</strong></span> <span class='ocrx_word' id='word_1_307' title='bbox 682 3962 740 4020; x_wconf 71' lang='lat' dir='ltr'><strong>nup</strong></span> <span class='ocrx_word' id='word_1_308' title='bbox 760 3960 849 4008; x_wconf 78' lang='lat' dir='ltr'><strong>xviii.</strong></span> <span class='ocrx_word' id='word_1_309' title='bbox 859 3967 916 4006; x_wconf 77' lang='lat' dir='ltr'><strong>tect.</strong></span> <span class='ocrx_word' id='word_1_310' title='bbox 929 3958 971 4007; x_wconf 84' lang='grc' dir='ltr'>ιιι.</span> <span class='ocrx_word' id='word_1_311' title='bbox 983 3959 1119 4018; x_wconf 55' lang='lat' dir='ltr'><strong>prasidi.</strong></span> 
     </span>
    </p>
   </div>
   <div class='ocr_carea' id='block_1_6' title="bbox 0 0 1400 4600">
    <p class='ocr_par' dir='ltr' id='par_1_13' title="bbox 0 0 1400 4600">
     <span class='ocr_line' id='line_1_39' title="bbox 0 0 1400 4600; baseline 0 0"><span class='ocrx_word' id='word_1_312' title='bbox 0 0 1400 4600; x_wconf 95' lang='lat' dir='ltr'><strong> </strong></span> 
     </span>
    </p>
   </div>
  </div>
 </body>
</html>
