2792 4600
481 329 711 390 rutenensem,
734 329 825 379 meur
846 331 877 377 v.
1148 311 1211 380 285

124 441 267 523 potentis
292 442 449 519 infinitus,
473 460 532 507 een
554 443 665 526 potius
682 442 814 506 induite
839 444 1036 521 divisibiles,
1060 444 1118 507 sed
1142 460 1209 507 non

122 539 299 620 pertransit
326 540 594 621 parteslntinlus
616 549 701 613 autu.
719 549 751 604 et
770 550 843 604 ectu
866 542 1049 606 distinctas.
1072 541 1145 605 Non
1159 549 1211 604 est
1271 625 1273 628 Υ

122 648 232 702 eutem
246 638 426 704 absurdum
443 639 644 720 pertransiri,
660 640 693 702 id
715 640 804 721 quod
821 649 893 704 ectu
911 641 1040 704 linitum
1056 650 1114 714 est,
1131 640 1211 704 lieet

122 733 226 798 dividi
242 736 314 801 siue
328 736 394 801 line
408 737 522 820 possit.
538 736 572 800 Si
594 754 670 802 vero
693 736 817 801 mobile
833 746 923 802 motu
935 757 995 803 sno
1011 751 1119 821 pertes
1134 745 1207 802 ectu

122 832 284 916 designet,
297 852 338 899 eo
353 835 429 917 ipso
437 843 544 902 motus
556 836 733 900 continuus
745 853 812 900 non
825 844 894 914 est;
912 854 978 901 non
993 837 1085 901 enim
1099 836 1135 899 lit
1150 854 1209 918 per

120 932 317 998 continuum
333 943 369 998 ut
390 935 596 999 continuum.
613 935 720 1017 Atque
736 934 791 998 hie
806 943 894 999 nerle
908 945 1015 999 motus
1032 936 1208 1015 pertransit

119 1038 230 1114 partes
245 1041 319 1105 notu
333 1032 515 1112 distinctos,
531 1033 589 1098 sed
611 1052 680 1097 non
697 1043 805 1116 partes
827 1033 984 1110 infinitas,
1003 1052 1063 1097 neo
1078 1031 1208 1098 infinite

121 1128 306 1211 distinctas,

162 1228 261 1295 Plura
272 1225 429 1313 eieupis,
446 1231 533 1314 apud
557 1231 688 1295 eitetem
703 1241 871 1297 auetorem
893 1232 1037 1316 reperies
1052 1234 1103 1312 (r).

551 1396 716 1445 terremus
736 1399 767 1444 v.

388 1493 432 1556 De
445 1494 586 1557 continui
596 1483 737 1575 partibus
751 1503 779 1558 et
789 1494 938 1574 terminis.
1020 1494 1023 1501 “

163 1622 235 1688 l'll.
252 1622 342 1686 ltine
369 1635 546 1706 supersunt
574 1627 684 1691 edbue
698 1626 739 1691 de
761 1626 924 1691 continuo
939 1611 1147 1707 questiones,
1172 1625 1207 1687 in

121 1719 246 1802 quibus
260 1721 353 1785 velde
368 1741 402 1785 se
417 1733 561 1788 veterum
575 1726 725 1789 omnium
740 1725 886 1789 exercuit
900 1724 1066 1787 subtilitas
1079 1742 1088 1802 ;
1105 1724 1206 1786 altere

121 1817 166 1881 de
187 1820 336 1883 continui
371 1822 530 1901 pertibus,
560 1821 661 1886 altera
690 1822 732 1886 de
764 1821 1021 1886 indivisibilium
1050 1822 1207 1884 termino·

120 1933 198 1979 rum
214 1916 250 1979 in
278 1918 437 1984 contiuuo
452 1918 610 1984 realitate.
641 1919 845 1999 Subjieimus
859 1919 1002 2006 breviter
1022 1918 1148 2000 aliquid
1166 1919 1208 1982 de

10 2085 11 2116 ξ
121 2021 274 2095 utreque.

165 2109 343 2179 Peovosino
361 2117 401 2181 ll.
431 2116 499 2179 ilici
517 2117 622 2200 nequit
642 2119 825 2182 continuum
839 2127 978 2183 constare
986 2117 1125 2198 pertibus
1138 2122 1211 2178 netu

10 2257 11 2309 3
121 2211 286 2289 distinctis,
302 2215 370 2278 lieet
393 2234 458 2279 non
485 2216 615 2292 divisim
642 2218 704 2281 rive
730 2218 777 2280 te
797 2226 899 2299 portet
925 2234 1053 2279 numero
1080 2214 1211 2295 infinito

10 2330 11 2335 ¹
117 2322 293 2394 ponoruur,
308 2316 489 2396 eiusfinitoe.

164 2409 334 2475 Manifesta
357 2423 404 2479 est
420 2414 454 2477 in
482 2415 597 2495 primis
620 2415 717 2494 buius
744 2415 913 2496 opinionis
938 2412 1164 2494 repugnantia,
1182 2409 1209 2472 si

11 2562 12 2583 ,
124 2517 234 2591 partes
250 2529 390 2577 numero
407 2513 544 2577 infinite
559 2525 734 2597 ponentur.
747 2513 828 2577 Nam

166 2609 200 2672 10
215 2608 386 2690 Repugnat
400 2611 578 2676 multitudo
593 2612 716 2695 qnaevis
731 2621 804 2675 netu
822 2610 962 2673 infinita.
1051 2607 1055 2614 ’

11 2774 12 2779 ,
166 2707 201 2770 2·
223 2706 304 2772 Cum
319 2711 361 2771 sit
375 2717 429 2772 aut
443 2727 514 2774 esse
527 2712 629 2792 possit
644 2728 747 2774 unum
763 2710 957 2774 continuum
973 2708 1077 2771 altero
1093 2705 1209 2787 mejus,

11 2814 13 2881 v
124 2804 278 2869 existeret
293 2807 460 2871 inlinitum
475 2809 605 2873 infinito
617 2809 734 2892 majus.
1216 2870 1219 2874 .

11 2892 13 2903 '
167 2908 203 2972 5⁰
216 2906 252 2969 ln
269 2907 330 2970 hee
342 2908 513 2988 hypothesi
529 2927 603 2972 vere
632 2909 809 2972 baberetur
831 2906 1008 2970 multitudo
1029 2903 1214 2968 multitudi-

126 3022 221 3081 num,
246 3005 326 3086 quin
348 3023 494 3088 unquam
510 3007 737 3088 perveniretur
758 3006 798 3071 ad
815 3006 983 3081 unitatem,
1003 3024 1076 3087 quae
1098 3002 1211 3066 multi·

11 3142 12 3145 =
126 3102 209 3168 tudo
225 3104 475 3169 multitudinum
491 3123 557 3169 non
578 3114 661 3169 esset
674 3105 757 3184 (167,
776 3104 858 3183 168).

171 3201 244 3268 tlt.
267 3203 402 3278 Quodsi
421 3211 528 3284 pertes
543 3203 696 3266 dieantur
708 3221 778 3265 esse
804 3201 904 3265 finite
919 3218 986 3264 non
1003 3199 1127 3263 ideireo
1150 3198 1211 3260 mi·
1324 3288 1327 3294 .

129 3318 193 3367 nor
207 3301 271 3364 erit
285 3303 319 3364 in
335 3301 525 3380 assertione,
540 3320 638 3384 quem
661 3301 852 3375 refutemus,
874 3298 1070 3363 absurditas.

170 3401 302 3467 Etenim
324 3402 357 3465 1ο
371 3410 478 3482 partes
500 3400 662 3476 continui,
684 3401 712 3463 si
739 3399 903 3481 exipsius
928 3395 1076 3461 continui
1098 3405 1214 3459 notura

129 3506 206 3563 soto
216 3497 473 3575 distinutresnnt,
487 3499 664 3562 nnlteesse
675 3504 855 3579 nequeunt.
867 3497 902 3561 Si
910 3495 999 3559 enim
1012 3494 1057 3557 in‘
1135 3494 1215 3557 'nuo

12 3670 13 3673 ,
133 3605 241 3680 portes
254 3597 423 3660 distinctos
430 3616 500 3660 esse
511 3605 651 3678 oportet,
664 3605 815 3660 toterunt
827 3594 860 3657 in
873 3594 1031 3658 continuo
1043 3613 1064 3675 p
1163 3592 1215 3655 di·

12 3690 14 3703 *
132 3697 272 3774 educte,
290 3707 371 3778 quot
384 3705 492 3761 essent
508 3706 614 3778 purtes
629 3695 751 3770 divisor,
769 3695 796 3758 si
814 3694 933 3759 divisio
948 3693 1051 3756 fieret.
1067 3691 1168 3771 Atqui
1189 3692 1218 3756 si
1273 3689 1278 3699 '

12 3776 13 3817 ³
133 3795 252 3861 divisio
264 3790 1218 3877 liereteenunquamlinemheberet.igiturmultitudopar·
1294 3831 1296 3834 <

12 3896 14 3985 J
134 3893 218 3959 tium
233 3892 460 3958 distinctarum
472 3893 508 3956 in
519 3894 678 3958 continno
689 3902 777 3956 tenta
789 3901 883 3967 esset,
898 3898 1017 3973 quanta
1029 3889 1130 3954 nullis
1143 3909 1218 3954 sue·

163 4023 196 4081 (1)
210 4022 306 4083 opem
316 4034 337 4070 e.
354 4021 400 4071 llll
416 4029 440 4071 et
451 4022 516 4072 llll.
