2792 4600
173 318 241 382 ato
613 332 805 380 cosuonoert.

221 450 293 514 tot.
317 451 493 513 Pcorosrrro
508 447 562 512 lv.
578 446 726 512 Ectmslo
755 464 918 528 corporum
944 445 1073 528 proprio
1088 444 1278 508 continuata

170 549 317 631 portiom
332 550 418 625 oeric,
439 548 577 618 ,videlieet
605 556 779 611 atomorum
805 546 913 608 ordine
926 552 956 608 et
969 546 1156 609 consociem
1169 543 1277 609 cona·

174 656 281 709 netur.

220 743 382 821 Probatur
412 745 520 826 primo
547 743 748 808 exclusionis
762 751 966 824 argumento.
983 742 1090 815 Quum
1107 742 1196 805 enim
1213 740 1274 803 di-

172 846 295 919 cimus,
314 846 347 906 io
364 853 495 908 extenso
518 852 624 925 partes
640 852 852 923 extrapartes
874 861 956 916 esse,
974 842 1007 904 id
1030 842 1138 905 tribus
1160 840 1275 905 modis

175 942 320 1023 intelligi
338 950 455 1028 potest,
472 952 620 1022 utsupra
636 940 825 1004 dictumest
840 942 943 1020 (145);
967 957 1086 1021 nempe
1101 948 1156 1003 aut
1178 938 1274 1021 quod

176 1058 333 1120 unapars
348 1057 415 1104 non
431 1041 474 1104 sit
489 1040 570 1103 alia:
587 1040 746 1120 autquod
767 1057 832 1103 una
856 1057 930 1121 pars
952 1057 1019 1102 non
1042 1038 1146 1120 possit
1169 1055 1274 1101 occu-

97 1197 99 1200 ,
178 1158 259 1222 pare
271 1138 381 1202 locum
396 1155 495 1219 quem
518 1137 582 1198 alia
604 1146 760 1218 occupat;
783 1147 838 1200 eut
859 1135 949 1218 quod
972 1147 1079 1217 partes
1095 1136 1161 1198 sint
1175 1134 1275 1199 ctdi·

176 1238 317 1310 stinetae‚
346 1243 377 1298 et
402 1235 520 1299 ordine
547 1236 690 1317 quodam
718 1253 883 1299 connexe.
908 1235 972 1298 Sed
1004 1253 1112 1316 neque
1128 1233 1272 1316 primus,

178 1351 289 1415 neque
303 1334 384 1396 alter
399 1333 599 1396 extensionis
623 1333 741 1395 modus
757 1333 981 1397 extensionem
997 1351 1175 1414 corporum
1191 1349 1274 1397 con·

143 1479 145 1483 -
176 1433 298 1496 stituit.
312 1434 409 1498 Resta
422 1449 500 1512 ergo
515 1432 630 1495 tertius
647 1432 776 1496 modus

222 1529 382 1594 Praeterea
397 1529 587 1609 hujusmodi
604 1530 751 1592 extensio
770 1537 818 1591 est
833 1529 867 1592 in
883 1547 1023 1611 corpore
1037 1528 1185 1592 absolute
1196 1546 1276 1610 spe·

151 1710 154 1716 Ι
178 1636 266 1693 etato
280 1638 311 1691 et
332 1628 515 1691 secuudum
537 1645 583 1703 se,
608 1634 639 1690 et
651 1629 887 1704 extensroncm
901 1647 974 1710 quae
987 1638 1034 1691 est
1046 1646 1104 1709 per
1119 1628 1277 1691 ordinem

179 1726 222 1788 ad
239 1726 360 1801 locum,
375 1726 560 1820 necessario
573 1726 739 1806 praeeedit.
753 1726 831 1789 ldeo
847 1727 935 1789 enim
952 1726 1141 1790 substantiae
1153 1743 1277 1806 corpo·

179 1844 246 1889 reae
262 1834 368 1905 partes
384 1825 532 1905 partibus
548 1824 612 1888 loci
629 1824 773 1905 quodam
789 1826 906 1888 ordine
923 1826 1123 1907 respondere
1138 1824 1275 1898 debent,

180 1924 260 2003 quia
273 1935 362 1987 certo
378 1923 521 2004 quodam
539 1917 637 1987 modo
654 1924 787 1987 interce
802 1924 961 1987 ordinatae
976 1932 1063 1987 sunt.

224 2024 357 2085 demum
377 2022 439 2083 hac
454 2039 518 2084 una
531 2022 648 2101 posita,
666 2040 786 2103 corpus
803 2031 851 2084 est
866 2030 898 2085 et
916 2022 1082 2084 divisibile
1095 2032 1126 2084 et
1141 2040 1276 2085 mensu-

180 2120 286 2183 rabile
301 2128 333 2181 et
347 2118 543 2199 aequalitatis
555 2137 630 2181 cum
642 2121 744 2181 dltero
755 2119 805 2182 vel
819 2119 1049 2200 inaequalitatis
1063 2137 1181 2200 capax:
1198 2137 1277 2201 quae

177 2218 317 2300 quidem
330 2227 407 2279 sunt
422 2217 537 2299 primae
553 2218 744 2299 quantitatis
761 2220 989 2301 proprietates.

225 2317 295 2381 let.
322 2319 430 2381 Dices:
454 2317 526 2379 sine
551 2319 581 2377 vi
616 2316 814 2393 resistendi,
843 2337 900 2380 seu
937 2316 1276 2399 impenetrabilitate,

179 2433 256 2495 quae
271 2424 456 2479 atomorum
485 2415 619 2495 propria
632 2424 692 2487 est,
710 2433 776 2479 non
796 2416 970 2480 haberetur
985 2417 1019 2479 in
1035 2434 1175 2497 corpore
1189 2415 1277 2480 ordo

179 2525 214 2577 et
230 2514 392 2577 connexio
415 2513 576 2595 partium;
594 2524 702 2594 partes
715 2515 805 2576 enim
818 2515 890 2577 sine
907 2516 962 2578 illa
983 2534 1018 2578 se
1038 2524 1154 2579 mutuo
1171 2510 1276 2597 pene-

177 2618 318 2687 trarent,
335 2611 554 2691 eumdemque
565 2620 764 2691 occuparent
777 2611 899 2674 locum.

225 2709 432 2790 Respondeo.
442 2709 753 2790 llincsequitorvim
762 2709 935 2772 resistendi
949 2728 1022 2791 quae
1032 2721 1081 2775 est
1091 2712 1126 2773 in
1138 2712 1272 2789 atomis,

178 2827 254 2871 esse
269 2825 398 2870 causam
411 2806 563 2869 ultimam
575 2825 648 2886 quae
660 2792 900 2870 connexionem
914 2807 1060 2888 ipsarum
1076 2809 1276 2891 efficit‚quia

179 2907 391 2986 attractiones
414 2923 528 2985 omnes
544 2904 675 2968 tandem
699 2904 880 2986 aliquando
902 2906 937 2968 in
962 2907 1273 2990 impenetrabilitate

176 2997 362 3077 fundantur
380 3004 477 3081 (lton
497 3005 737 3083 itemqueesse
751 3021 882 3066 causam
900 3023 973 3084 quae
990 3007 1177 3084 perenniter
1192 3023 1273 3070 con·
1307 2989 1312 2997 ⁸

178 3106 359 3173 nexionem
381 3111 550 3165 conservet
565 3118 602 3162 ac
617 3100 768 3164 stabilem
785 3099 872 3175 lacit,
891 3110 926 3164 ut
941 3103 1026 3165 ratio
1038 3103 1177 3166 adducta
1194 3122 1271 3186 pro·
1382 3150 1383 3159 ,

179 3204 250 3270 bat.
266 3194 338 3266 Non
356 3218 432 3263 vero
448 3200 609 3280 sequitur,
627 3199 692 3261 vim
703 3199 888 3275 resistendi,
906 3201 1076 3281 multoque
1088 3202 1198 3265 ntinos
1211 3203 1273 3265 im·

180 3297 480 3386 penetrabilitatem
493 3296 528 3358 in
541 3294 657 3359 ordine
668 3295 707 3357 ad
721 3297 1084 3370 locum,esserationem
1099 3298 1270 3386 formalem

179 3398 385 3465 extensionis
415 3411 596 3473 corporeae,
627 3394 906 3474 quemadmodum
936 3413 1051 3460 eorum
1073 3417 1157 3479 quos
1171 3418 1272 3483 supra

179 3495 396 3564 refutavimus
411 3489 505 3569 (tlt),
522 3498 609 3553 tenet
624 3490 760 3572 opinio.¹

308 3607 344 3665 .
605 3657 771 3704 antidotus
794 3659 841 3704 111.

512 3753 555 3815 De
562 3753 735 3816 extensione
746 3753 897 3817 cotttt'mo'.

177 3892 186 3969 t
225 3891 295 3956 155.
320 3886 449 3968 lluplici
476 3885 690 3951 connexionis
705 3904 824 3967 genere
839 3888 961 3950 artensi
979 3898 1085 3969 partes
1101 3896 1270 3975 copulatas

176 3989 355 4068 concipere
383 4003 575 4066 postumum
591 4003 709 4067 nempe
732 3986 781 4048 vel
805 3986 850 4048 ita
873 3998 909 4050 ut
935 3989 1021 4053 inter
1048 4008 1271 4060 connexarum
