2792 4600
123 330 187 395 398
566 343 756 389 commonit.

1391 375 1392 400 r

125 464 224 527 citam
248 463 336 526 enim
350 462 451 525 ¹hahet
466 457 692 523 'conditionem
709 459 800 521 illam
819 476 826 523 :
842 459 906 520 nisi
918 477 972 539 per
989 458 1130 522 diuinum
1147 458 1217 521 cir·

125 569 220 622 tutem
236 562 297 641 legi
307 562 364 640 fiat
378 560 512 641 acceptio
518 581 529 633 ,·
547 575 619 638 quae
631 556 778 636 exceptio
788 556 822 617 in
834 556 963 619 casibus
981 554 1217 637 peculiaribus,

127 671 164 721 ut
179 659 334 734 diximus,
352 676 419 721 non
435 664 605 737 repugnat.
620 654 739 743 Confer
755 654 841 716 dicta
857 654 891 715 in
908 654 1012 734 logica
1026 653 1071 732 (L,
1086 652 1171 731 toa).

552 774 716 850 narremus
738 807 767 850 v.

375 920 391 950 *
406 922 446 981 [te
459 929 525 982 cute
539 920 680 981 naturali
693 918 985 999 ejusqueoppost‘tis.

168 1052 240 1118 ddi).
265 1052 291 1114 Α
319 1061 434 1114 natura
456 1053 592 1131 eiusque
612 1050 738 1130 legibus
765 1049 892 1131 aliquid
908 1051 1050 1113 naturale
1076 1049 1210 1113 dicitur.

127 1153 185 1218 Est
200 1154 310 1233 itaque
323 1152 377 1214 hie
389 1152 492 1226 loeus,
510 1158 545 1211 ut
560 1149 601 1210 de
616 1159 690 1212 ente
706 1149 845 1210 naturali
859 1149 965 1230 deque
980 1149 1050 1229 eius
1064 1148 1218 1231 opposito

65 1239 71 1255 ¹
127 1249 185 1311 fiat
200 1267 320 1311 sermo.
343 1249 469 1311 Dicitur
491 1248 618 1329 aliquid
647 1248 794 1310 naturale
811 1248 940 1311 duobus
966 1249 1085 1323 modis,
1105 1249 1214 1329 prouti

130 1355 163 1410 et
178 1347 219 1409 de
234 1334 348 1409 natura
364 1365 460 1426 supra
478 1346 602 1408 dictum
619 1356 666 1408 est
683 1344 766 1423 (tut,
779 1347 850 1423 tun)
867 1363 873 1408 :
892 1363 1010 1426 nempe
1026 1347 1058 1408 κ’
1069 1356 1220 1427 respectu

128 1444 269 1523 alicujus
285 1444 510 1506 determinatae
524 1454 669 1517 naturae,·
691 1443 724 1505 ιο
740 1453 888 1525 respectu
906 1454 1028 1507 nature
1045 1443 1216 1508 universae.

130 1543 244 1609 Primo
270 1542 370 1604 modo
385 1542 532 1604 naturale
559 1552 630 1604 est:
654 1543 687 1603 td
709 1561 797 1604 omne
811 1541 900 1623 cujus
920 1542 1000 1604 ratio
1014 1536 1165 1627 sufficiens
1180 1553 1222 1605 cst

128 1644 167 1704 iu
189 1642 267 1703 entis
290 1650 406 1702 notura
421 1665 432 1715 ,·
448 1649 484 1703 ut
496 1660 526 1702 v.
542 1659 590 1721 gr.
612 1642 770 1703 naturalis
786 1641 883 1704 estin
901 1639 1035 1704 homine
1052 1640 1221 1719 sanguinis

130 1741 315 1805 circulatio.
340 1740 491 1801 Secundo
517 1740 641 1803 modo:
665 1741 814 1821 quidquid
836 1748 878 1801 cst
902 1739 1002 1821 juata
1022 1758 1146 1802 cursum
1164 1747 1223 1802 out

128 1840 268 1901 ordinem
282 1847 404 1900 uoturae
416 1840 578 1902 uniuerso.
593 1839 648 1901 Est
663 1849 771 1900 autem
788 1839 969 1901 secundum
985 1846 1108 1900 naturae
1129 1837 1221 1901 ordi·

133 1956 221 2014 nem,
238 1939 388 2018 quidquid
408 1947 529 2000 nature
552 1958 655 2000 rerum
670 1938 813 2000 conuertit
822 1960 834 2012 ,·
850 1935 995 2019 itemque
1022 1935 1171 2019 quidquid
1183 1936 1220 1998 t'n

129 2037 213 2108 datis
224 2036 379 2117 adjunctis
389 2038 457 2117 ficri
465 2046 572 2118 potest,
588 2039 732 2102 antdetet
743 2037 858 2099 uiribus
869 2038 985 2099 entium
996 2035 1225 2097 mundanorum

124 2134 226 2216 juxto
247 2136 322 2216 loges
347 2136 503 2216 physicos,
527 2156 557 2199 v.
587 2154 635 2216 gr.
656 2136 744 2216 quod
768 2136 851 2218 lapis
881 2134 1008 2198 sublato
1031 2133 1223 2196 fulcimento

133 2232 275 2308 decidat,
291 2233 340 2296 vel
372 2234 460 2315 quod
485 2233 634 2315 quaedam
664 2251 803 2315 corpora
824 2232 897 2313 igne
920 2233 1150 2295 dissolvantur.
1167 2232 1224 2296 Est

131 2331 316 2394 secundum
332 2341 455 2393 naturae
471 2349 620 2394 cursum:
638 2332 785 2413 quidquid
798 2331 972 2394 continetur
985 2332 1065 2394 inter
1078 2349 1126 2391 cor
1136 2348 1225 2392 eucn-

132 2436 195 2502 tus,
222 2447 352 2508 quorum
373 2430 543 2491 consecutio
570 2440 690 2492 nuturoe
724 2449 848 2493 currum
868 2429 1050 2493 constituit:
1073 2437 1110 2492 ut
1135 2428 1223 2510 quod

55 2568 57 2570 -
134 2544 235 2588 verno
251 2535 399 2606 tempore
415 2527 512 2590 flores
532 2537 718 2608 erumpant,
743 2529 792 2591 vel
809 2529 896 2610 quod
921 2529 969 2590 sol
986 2537 1073 2591 certa
1086 2528 1225 2615 quadam
1266 2570 1270 2574 -

136 2624 218 2686 hora
234 2625 277 2684 sit
291 2641 361 2686 cras
373 2624 530 2688 oriturus.

177 2724 251 2787 496.
268 2722 425 2798 Naturali,
443 2724 552 2803 prouti
566 2723 688 2787 dicitur
700 2733 846 2805 respectu
860 2723 999 2803 alicuius
1011 2732 1133 2786 naturae
1155 2740 1226 2804 par·

136 2819 298 2896 ticularis,
314 2823 496 2901 opponitur
511 2821 732 2884 diversimode
746 2822 968 2895 volontarium,
981 2823 1157 2895 violentum,
1173 2840 1227 2883 or-

134 2919 263 2998 tt'fict’ulc
278 2942 290 2993 ;
303 2928 333 2980 et
346 2919 526 2982 secundum
545 2920 629 2983 hanc
648 2919 892 3001 oppositionem
914 2920 1132 2983 diversimode
1152 2938 1233 2999 spe·v

135 3017 287 3080 citicatur
316 3019 473 3080 naturalis
502 3019 715 3098 significatio.
751 3021 903 3082 Versatur
928 3030 1036 3082 autem
1065 3027 1131 3082 tnta
1157 3019 1226 3080 haec

136 3116 306 3197 oppositio
322 3120 407 3179 circa
424 3118 470 3180 rei
488 3119 687 3182 mutationes
700 3127 732 3180 et
747 3131 866 3181 motus.

181 3218 212 3279 l⁰
224 3216 451 3279 Voluntarium
468 3225 527 3290 est,
545 3217 634 3298 quod
653 3217 777 3280 lituum
794 3216 982 3295 cognitione
997 3215 1083 3292 linis,
1101 3232 1138 3279 ac
1150 3233 1228 3297 pro·

139 3321 250 3395 pterea
273 3332 339 3376 non
369 3323 417 3375 est
440 3333 497 3394 per
524 3317 628 3377 solam
645 3317 729 3378 entis
747 3324 893 3378 naturam
911 3313 1164 3377 determinatum
1186 3315 1228 3376 ad

48 3439 50 3441 ·
138 3429 256 3474 unum.
273 3412 426 3474 Naturale
447 3412 546 3492 igitur
561 3415 745 3477 secundum
766 3414 1009 3494 oppositionem
1025 3414 1064 3475 ad
1081 3415 1229 3476 volunta·

139 3510 229 3574 rium
243 3518 290 3574 est
305 3512 338 3572 id
351 3528 440 3572 omne
461 3512 543 3593 guod
556 3512 594 3574 ut
608 3512 685 3575 entis
707 3523 823 3577 amum
837 3514 1052 3575 determinatur
1063 3513 1104 3575 ad
1116 3531 1227 3580 unum.

139 3607 177 3670 ln
197 3608 295 3672 bruto
310 3628 339 3670 v.
356 3627 404 3688 gr,
426 3618 516 3671 actus
532 3610 727 3672 comedendi
743 3611 946 3674 voluntarius
971 3621 1030 3688 est,
1044 3609 1231 3674 functiones

138 3708 306 3787 digestiva
323 3718 399 3769 sunt
414 3709 592 3770 naturales.
876 3760 881 3767 ,

101 3878 105 3883 ,
181 3805 215 3866 κ’
237 3805 424 3868 violentum
441 3805 537 3867 estid
554 3800 664 3882 omne,
682 3804 770 3886 quod
793 3804 834 3867 ah
850 3803 1033 3868 extrinseco
1048 3808 1094 3868 rei
1111 3806 1230 3870 accidit
1267 3846 1275 3858 ·

31 3900 35 3933 ³
137 3912 254 3966 contra
269 3910 392 3964 nature
418 3907 684 3983 propensionem,
702 3921 759 3963 seu
776 3911 979 3983 repugnante
1003 3916 1128 3967 natura.
1146 3904 1229 3971 ilinc

97 4068 98 4071 ,
131 4003 289 4064 naturale
304 4008 464 4080 quatenus
480 4002 622 4065 violento
640 4000 833 4093 opponitur,
860 4013 901 4065 cst
917 4004 950 4065 td
968 4003 1009 4065 ad
1023 4004 1102 4084 quod
1115 4012 1231 4067 notum
