2792 4600
426 363 511 408 utana
533 363 675 421 ausurus,
700 363 791 410 carun
812 365 845 411 ιι.
1112 350 1173 414 409

126 474 198 538 tta.
229 476 310 554 Pars
330 476 429 538 altera
460 478 696 557 propositionis
725 479 883 560 probatur
907 481 937 543 1⁰
956 501 993 544 er
1023 484 1173 564 omnium

89 581 244 637 consensu
263 576 472 655 populorum,
498 578 554 658 qui
587 596 717 659 semper
739 580 774 640 in
790 580 945 643 monstris
966 591 998 643 et
1014 583 1173 664 prodigiis

25 734 27 737 .
89 673 271 756 Divinitatis
301 676 448 755 sigilium
478 676 643 757 quoddam
674 689 886 758 agnoverunt,
913 688 945 742 et
969 700 1174 763 quaecunque

88 771 244 834 miraculo
267 774 551 845 confirmarentur,
569 782 731 855 tanquam
748 775 851 856 ipsius
876 777 933 842 Dei
950 779 1174 842 testificatione

90 868 220 942 firmari,
233 870 381 964 arbitrati
394 880 481 935 sunt.

129 986 289 1050 Probatur
301 988 334 1049 2⁰
350 1008 387 1050 ex
405 988 477 1070 ipsa
493 989 541 1051 rei
565 996 690 1051 natura.
718 988 799 1052 Nam
815 989 1010 1070 miraculum
1035 1000 1082 1054 est
1097 1009 1174 1072 ope·

15 1147 16 1156 ,
89 1086 168 1149 ratio
195 1087 319 1156 divina,
343 1087 496 1167 Operatio
525 1096 631 1149 autem
658 1097 706 1150 est
734 1089 916 1152 ,voluntatis
946 1089 1107 1169 signum:
1136 1108 1175 1151 ex

89 1196 200 1247 natura
223 1193 329 1247 autem
347 1195 378 1246 et
392 1185 554 1266 adjunctis
567 1187 768 1266 operationis
782 1187 1174 1268 dignosciturvoluntatis

91 1284 239 1345 intentio.
254 1284 357 1363 lgitur
373 1302 473 1364 quum
491 1284 687 1346 miraculum
702 1284 737 1345 tit
752 1284 933 1365 inalieuJus
947 1304 1005 1347 seu
1018 1286 1173 1359 latorem,

89 1403 143 1446 seu
169 1381 389 1463 punitionem,
422 1400 480 1462 per
508 1383 570 1444 hoc
596 1382 705 1462 ipsum
728 1382 912 1446 ostenditur
939 1384 995 1447 llei
1018 1384 1052 1446 in
1079 1386 1174 1449 illum

90 1481 243 1543 benevola
256 1481 415 1554 voluutas,
433 1480 482 1541 vel
499 1482 559 1544 ira.
577 1481 621 1543 Ae
637 1491 706 1544 tum
729 1485 910 1563 praesertim
927 1502 1028 1564 quum
1041 1483 1097 1547 Dei
1116 1503 1174 1548 ιιο-

90 1597 161 1641 ιιιειι
192 1581 371 1653 invoeatur‚
398 1585 435 1639 ut
458 1579 594 1659 alicujus
629 1579 775 1642 hominis
803 1581 853 1642 vel
880 1582 1100 1645 innocentiam
1124 1583 1174 1645 vel

90 1678 302 1754 sanctitatem,
320 1676 367 1738 vel
384 1675 542 1744 doetrinae
556 1677 682 1740 traditae
697 1679 863 1741 veritatem
879 1678 1060 1756 confirmet,
1080 1682 1108 1744 si
1124 1701 1174 1746 re-

88 1795 161 1838 vera
179 1775 376 1838 miraculum
393 1774 458 1848 liat,
484 1775 558 1855 quis
584 1786 689 1858 neget,
708 1777 789 1841 velle
806 1777 917 1853 Deum,
932 1787 968 1840 ut
987 1782 1032 1840 rei
1051 1779 1091 1842 de
1111 1798 1175 1862 qua

90 1876 205 1955 agitur,
224 1873 305 1935 fides
321 1873 506 1936 habeatur?

128 1990 202 2053 tta.
233 1988 447 2064 Nominatim‚
474 1995 510 2049 ut
538 1989 685 2070 apposite
714 1977 943 2055 animadvertit
970 2011 997 2056 s.
1020 1992 1173 2071 Thomas,

90 2089 248 2153 miracula
260 2099 336 2152 sunt
348 2090 479 2175 signum
494 2088 644 2169 apprime
660 2088 816 2152 idoneum
838 2090 878 2151 ad
894 2095 1176 2172 supernaturalem
1233 2168 1235 2172 .

15 2187 16 2214 ³
90 2188 274 2254 doctrinam
298 2187 569 2251 confirmandam.
589 2208 603 2244 ι
623 2185 774 2250 Naturale
799 2200 847 2250 est
865 2190 1004 2266 bomini,
1022 2193 1066 2255 ita
1092 2193 1173 2273 ipse,

90 2313 104 2347 ι
130 2296 166 2352 ut
180 2291 347 2352 veritatem
364 2285 609 2368 intelligibilem
626 2305 684 2368 per
706 2285 880 2350 sensibiles
906 2289 1038 2353 effectus
1061 2291 1175 2374 depre-

89 2414 103 2446 ι
130 2387 262 2450 bendat.
284 2386 376 2451 Unde
397 2387 482 2448 sieut
500 2386 601 2447 duetu
617 2385 775 2466 naturalis
790 2386 927 2448 rationis
943 2389 1043 2451 bomo
1066 2408 1175 2471 perve-

89 2514 104 2545 ι
129 2489 201 2550 nire
216 2494 321 2568 potest
333 2484 373 2546 ad
386 2485 531 2565 aliquam
547 2485 602 2548 bei
617 2485 768 2547 notitiam
784 2503 843 2566 per
854 2486 986 2550 effectus
999 2489 1174 2567 naturales,

15 2612 16 2615 ι
89 2613 103 2645 ι
129 2589 174 2649 ita
190 2586 391 2667 per-aliquos
419 2585 685 2666 supernaturales
701 2585 844 2666 effectus,
872 2587 928 2666 qui
953 2590 1110 2651 miracula
1126 2589 1176 2652 di·

89 2710 105 2745 ι
130 2698 260 2760 ειιιιιιιι,
278 2685 311 2745 in
328 2684 472 2763 aliquam
501 2685 782 2764 supernaturalem
798 2686 1020 2766 cognitionem
1039 2688 1175 2751 creden·

89 2812 104 2846 ι
130 2788 248 2848 dorum
265 2785 366 2846 bomo
381 2783 548 2845 inducitur
565 2785 637 2861 (t).»

127 2901 167 2964 tn
183 2901 261 2964 alibi
282 2923 295 2958 ι
314 2899 396 2971 Quia
412 2918 484 2979 quae
502 2909 578 2962 sunt
599 2899 674 2962 fidei
700 2900 875 2963 humanam
899 2903 1060 2966 rationem
1084 2922 1174 2968 exce·

84 3024 104 3060 ιι
128 3001 223 3076 dunt,
253 3016 319 3066 non
347 3008 484 3079 possunt
506 3017 565 3079 per
587 3001 728 3062 rationes
755 3001 913 3062 humanas
936 3002 1095 3081 probari3
1117 3004 1174 3065 sed

15 3160 16 3203 1
85 3124 101 3160 ι
126 3110 255 3180 oportet
276 3099 364 3178 quod
379 3095 560 3178 probentur
576 3116 634 3177 per
648 3111 877 3179 argumentum
892 3099 1011 3161 divinae
1026 3101 1174 3179 virtutis;

84 3223 99 3259 ι
126 3211 163 3262 ut
183 3199 262 3261 dum
281 3197 403 3279 aliquis
421 3196 498 3258 iacit
512 3214 623 3276 opera,
641 3195 714 3279 quae
736 3198 825 3261 solus
848 3198 933 3261 Deus
949 3197 1053 3261 lacere
1070 3209 1176 3282 potest

83 3322 99 3358 ι
125 3300 302 3375 credantur
317 3316 354 3359 ea
368 3315 441 3378 quae
456 3296 611 3358 dicuntur
623 3314 720 3359 essee
734 3299 799 3360 ileo
813 3315 821 3362 :
837 3297 922 3361 sicut
938 3317 1040 3379 quum
1053 3301 1175 3381 aliquis

82 3429 99 3456 ι
124 3397 231 3460 defert
247 3398 370 3459 litteras
385 3396 508 3459 annulo
525 3397 611 3476 regis
624 3396 778 3475 signatas,
798 3396 943 3460 creditur
957 3416 995 3461 ex
1009 3399 1174 3461 voluntate

81 3518 98 3554 ι
124 3497 213 3576 regis
229 3494 437 3574 processisse,
455 3495 543 3574 quod
560 3493 595 3556 in
613 3493 681 3556 illis
696 3494 884 3557 continetur
900 3497 980 3574 lul.»

123 3609 199 3675 tao.
215 3608 262 3671 Ex
277 3610 373 3671 dictis
398 3610 548 3690 sequitur
579 3611 610 3674 1⁰
631 3604 905 3691 quaecunque'vel
930 3629 997 3674 uno
1014 3613 1175 3677 miraculo

77 3709 332 3780 confirmantur,
353 3706 492 3769 indubia
518 3725 652 3788 prorsus
665 3726 747 3784 esse,
764 3709 973 3787 quantumvis
989 3709 1174 3773 intellectus

79 3808 222 3871 humani
238 3805 569 3886 comprehensionem
583 3806 751 3869 excedant.

140 3988 172 4041 lt)
187 3983 253 4030 Sum.
265 3982 297 4027 ιιι.
308 3981 329 4026 2·
342 3982 364 4026 2.
376 3996 401 4040 p.
410 3994 434 4040 q.
444 3981 596 4030 ctxxmtt.
606 3989 651 4029 art.
661 3981 679 4027 l.

142 4056 271 4117 qhtlbidp
292 4055 368 4114 lll.q.
384 4054 471 4107 xtltt,
480 4062 523 4101 art.
536 4053 556 4101 1.
