2792 4600
467 371 554 416 erana
576 370 696 430 aarum,
719 369 811 416 maor
831 371 874 419 ιι.
1161 356 1223 422 301

130 485 347 570 qualitatibus
363 495 457 562 certae
470 485 619 565 quaedam
635 484 873 565 responderent
887 484 1024 548 sensiles
1040 503 1225 567 repraesen·

131 587 285 661 tationes,
309 585 397 678 quin
413 584 480 646 ulla
508 584 595 646 inter
609 584 668 646 has
683 594 715 646 et
729 584 803 646 illas
818 584 976 646 naturalis
994 589 1154 651 connexio
1170 588 1224 651 in-

131 685 323 750 tercederet.
339 686 385 747 lta
401 683 503 746 sensit
516 683 657 747 Lockius
674 684 723 763 (ι).
741 684 860 747 Contra
875 702 973 763 quem
986 684 1066 766 scite
1078 685 1224 749 Leibnit·

130 785 200 847 aius
230 781 483 845 animadvertit:
515 799 582 845 non
611 799 682 842 esse
713 781 778 843 lieo
801 780 1014 843 tribuendum
1039 784 1127 864 quod
1150 785 1226 848 sine

131 882 250 947 ordine
265 900 302 944 ac
321 881 447 943 ratione
463 892 546 960 agat.
563 880 707 942 Aliunde
723 880 872 943 ellectum
890 898 959 943 suae
972 899 1076 945 causae
1091 901 1222 964 semper

129 980 331 1060 respondere
348 980 397 1057 (a).
415 977 574 1040 Caeterum
591 979 625 1039 in
639 995 710 1040 eam
726 977 920 1040 sententiam
938 979 1057 1041 incidit
1068 981 1224 1057 Laelius,

130 1096 169 1142 eo
185 1078 276 1160 quod
292 1078 376 1139 vires
392 1094 569 1157 corporum
589 1076 800 1157 actionesque
816 1077 856 1138 ab
872 1076 912 1141 iis
925 1078 1082 1141 exercitas
1095 1097 1161 1142 non
1174 1098 1225 1142 sa·

130 1178 172 1239 tis
187 1175 335 1250 attendit,
352 1175 408 1236 sed
425 1183 552 1237 motum
571 1174 605 1236 in
622 1174 662 1236 iis
678 1174 889 1239 solummodo
905 1176 1143 1256 particularum
1159 1178 1223 1240 mi·

131 1275 297 1337 nimarum
312 1272 544 1336 consideravit.
565 1273 821 1352 Repraesentatio
837 1285 947 1335 autem
962 1276 1093 1338 sensilis
1108 1294 1227 1339 secun·

127 1374 211 1437 dum
226 1392 279 1435 ees
291 1374 432 1435 maxime
446 1372 531 1435 vires
546 1389 584 1434 ac
596 1372 778 1434 secundum
793 1390 905 1435 earum
922 1374 1173 1453 impressionem
1186 1375 1223 1439 in

127 1491 230 1536 sensu
256 1471 441 1544 exercitam,
469 1470 595 1549 objecta
618 1469 715 1533 nobis
730 1470 835 1534 ollert
854 1470 947 1536 Unde
963 1473 1146 1537 colorcsv
1170 1491 1256 1578 gr

131 1590 200 1637 non
216 1581 291 1634 sunt
306 1569 504 1651 simpliciter
519 1571 825 1650 representationes
840 1570 1063 1635 vibrationum
1076 1551 1256 1648 aetheris,

130 1672 189 1735 sed
204 1669 508 1752 repraesentationes
524 1685 636 1732 earum
652 1666 888 1747 vibrationum,
905 1674 1014 1751 prouti
1038 1674 1072 1733 in
1090 1673 1170 1753 ipsis
1185 1691 1224 1735 ac

133 1788 193 1851 per
209 1769 295 1850 ipsas
310 1768 412 1831 aether
428 1767 567 1828 retinam
585 1765 747 1846 percellit.

174 1870 247 1936 107.
271 1871 306 1933 ln
323 1887 362 1932 eo
381 1885 458 1930 vero
482 1867 571 1946 quod
591 1866 731 1930 Lockius
754 1865 881 1946 objicit,
904 1868 1053 1931 dolorem
1069 1887 1168 1950 quem
1183 1888 1225 1932 ex

134 1978 297 2052 punctura
316 1985 393 2029 acus
408 1966 580 2041 sentimus,
598 1965 724 2027 nullam
742 1965 862 2028 habere
877 1967 1132 2029 similitudinem
1147 1985 1224 2030 cum

133 2078 228 2130 motu
252 2085 329 2128 acus
345 2082 476 2128 carnem
499 2064 713 2145 penetrantis,
741 2064 830 2127 nulla
853 2082 987 2145 prorsus
1015 2076 1063 2127 est
1089 2067 1224 2147 paritas.

132 2164 235 2230 Dolor
247 2166 335 2228 enirn
349 2181 415 2226 non
429 2172 476 2225 est
488 2161 630 2224 sensatio
645 2163 906 2241 repraesentativa
917 2181 994 2226 acus
1006 2165 1141 2244 ejusque
1154 2181 1227 2227 mo-

129 2273 195 2337 tus,
210 2264 266 2326 sed
281 2263 424 2327 effectus.
441 2260 589 2325 Sensatio
603 2269 710 2324 autern
724 2263 987 2342 repraesentativa
1000 2279 1077 2325 acus
1089 2272 1137 2325 est
1148 2279 1224 2325 sen·

129 2364 215 2426 satio
236 2366 354 2438 tactus,
378 2380 443 2443 qua
465 2362 603 2442 figuram
626 2369 657 2421 at
679 2377 817 2422 acumen
834 2378 921 2436 aeus,
945 2371 974 2423 et
999 2362 1223 2442 progressitus

129 2462 201 2541 eius
223 2470 332 2525 motus
355 2460 441 2522 intra
463 2476 593 2522 carnem
617 2458 827 2520 exhibentur.
852 2459 890 2523 Et
914 2460 982 2521 lraec
997 2461 1139 2522 sensatio
1162 2477 1224 2524 suo

129 2559 261 2642 objecto
276 2560 456 2623 conformis
471 2565 519 2620 est
535 2557 635 2620 modo
651 2557 851 2637 supradicto.

562 2722 726 2769 armemus
749 2724 786 2768 ιι.
812 2792 816 2799 ¹

215 2839 373 2919 Quomodo
388 2855 551 2920 corporum
565 2838 727 2919 qualitates
744 2835 951 2899 cantarentur
966 2837 1136 2901 dimanant.

172 2970 246 3036 208.
270 2970 374 3032 Venio
388 2969 427 3030 ad
440 2968 657 3048 quaestionem
670 2967 806 3029 alteram
818 2985 916 3049 supra
929 2969 1142 3049 propositam.
1159 2968 1221 3031 Ve-

130 3077 239 3132 terum
255 3078 325 3132 crat
339 3069 497 3130 sententia
513 3064 695 3128 accidentia
711 3083 887 3147 corporum
904 3067 1037 3147 physica
1053 3076 1082 3131 el
1101 3067 1222 3130 intrin-

128 3184 204 3240 seca
216 3166 265 3245 (0.
282 3167 352 3242 lll,
365 3165 421 3242 2⁰),
435 3182 509 3244 quae
520 3163 768 3244 suntquantitas
780 3172 811 3225 et
824 3152 976 3244 qualitas,
990 3163 1039 3226 vel
1052 3163 1224 3228 dimanare

128 3281 148 3326 a
161 3263 309 3345 subjecto
322 3282 381 3345 per
394 3262 577 3324 naturalem
589 3264 778 3341 quamdam,
789 3271 824 3323 ut
833 3262 974 3340 aiebant,
984 3263 1221 3342 resultantiam,

129 3362 413 3443 quemadmodum
433 3379 462 3424 v.
485 3377 533 3439 gr.
563 3361 740 3439 quantitas,
757 3360 806 3421 vel
823 3378 880 3441 per
898 3361 1061 3423 actionem
1077 3362 1222 3442 aliquam

131 3477 200 3540 qua
212 3459 395 3540 subjectum
411 3460 615 3535 immutetur,
633 3468 668 3521 ut
680 3458 804 3520 lumen.

174 3556 348 3631 Cartesins,
380 3568 416 3620 ut
441 3574 539 3637 supra
570 3555 727 3631 diximus,
751 3557 904 3636 opinatus
927 3566 975 3619 est
997 3559 1222 3621 extensionem

129 3672 202 3719 esse
218 3657 323 3737 ipsam
343 3673 521 3738 corporum
537 3653 731 3730 essentiam;
748 3653 887 3717 Laelius
903 3655 1098 3736 primariam
1113 3656 1226 3736 quali-

131 3761 252 3830 tatem;
269 3761 408 3834 uterque
423 3755 534 3815 statuit
549 3752 722 3832 qualitates
739 3768 915 3830 corporum
932 3770 1046 3816 omnes
1062 3772 1081 3815 a
1096 3754 1223 3834 magni·

129 3851 260 3929 tudine,
271 3851 384 3933 ligura,
395 3850 796 3932 motuqueparticularum
806 3852 1003 3929 dependere.
1014 3851 1224 3916 decentiores

112 4018 118 4025 ι
164 3987 197 4044 (l)
211 3985 329 4044 Eteonon
340 3984 378 4031 tle
389 3985 477 4031 ltumou
488 3985 563 4032 mind.
574 3979 606 4031 11.
617 3984 661 4032 Glr.
673 3980 737 4027 Vlll.
748 3985 808 4039 113.

162 4061 194 4118 lit
208 4062 341 4109 uenaeque
351 4060 428 4108 escula
438 4073 481 4107 rur
491 4059 605 4111 l’cntend.
613 4058 678 4105 lum.
695 4059 746 4106 ιιι.
757 4057 789 4104 11.
800 4061 812 4112 5
822 4060 858 4114 ll,
868 4057 905 4104 16.
