2792 4600
426 375 512 420 urnun
535 373 654 432 unium,
672 373 773 420 ‘creor
794 376 835 422 vr.
1061 410 1067 419 .
1132 359 1168 422 'ff

98 493 215 559 ratione
231 488 371 554 dominii
388 491 477 570 qued
494 489 593 552 habet
615 489 756 552 inactus
775 507 864 564 suos,
881 507 947 554 non
964 508 1093 572 semper
1108 491 1174 572 agit

99 597 248 676 quantum
264 595 368 669 potest
384 595 415 650 et
428 586 536 664 debet,
553 605 590 650 cc
605 594 776 668 propterea
793 596 897 668 potest
921 588 956 651 in
972 590 1099 652 actione
1115 589 1172 653 de·

99 687 302 772 ficere‚etiam
318 685 447 769 defectu
461 686 495 748 in
510 686 689 770 ipsapeausa
705 703 772 750 non
786 687 1037 767 praesupposite.
1055 687 1109 752 Sic
1123 689 1172 753 in·
1206 724 1208 726 ·

98 788 225 862 honesto
239 784 348 848 omnis
363 785 448 848 aetio
464 791 512 846 est
526 802 544 846 a
559 784 736 859 voluntate,
754 804 826 865 quae
856 793 965 866 posset
986 804 1020 849 se
1046 799 1174 851 ceteruae

98 884 155 966 legi
169 882 342 961 subjicere,
355 880 542 955 utdeberet,
557 881 613 943 sed
629 900 663 943 se
679 881 731 943 iili
744 881 906 961 subjicere
922 881 1089 947 detrectat.

134 982 164 1045 5⁰
177 982 213 1044 ln
229 981 344 1045 effectu
361 979 496 1061 proprio
512 996 627 1053 causae,
645 996 745 1060 quem
762 978 914 1041 videlicet
929 979 999 1060 ipsa
1015 979 1170 1059 intendit,

53 1156 54 1160 Ἰ
99 1081 214 1147 causari
230 1087 337 1161 potest
348 1078 492 1142 defectus
506 1078 555 1141 vel
572 1097 610 1140 ex
625 1077 696 1159 ipsa
708 1077 846 1141 actionis
861 1079 1122 1159 imperfectione,
1138 1090 1174 1144 ut

98 1199 191 1264 quum
204 1198 242 1242 ex
254 1179 339 1242 mala
354 1177 488 1241 artificis
504 1177 632 1240 actione
644 1195 727 1257 opus
739 1176 878 1239 efficitur
890 1176 1056 1256 deforme;
1072 1180 1122 1243 vei
1135 1200 1173 1245 ex

93 1277 229 1379 materie
244 1277 332 1340 circa
348 1294 446 1357 quam
472 1293 568 1338 cause
584 1275 648 1356 agit
664 1274 932 1356 indispositione‚
951 1284 986 1338 ut
1007 1295 1110 1358 quum
1133 1297 1173 1343 ex

93 1364 259 1441 marmoris
276 1382 331 1438 aut
345 1374 426 1455 ligni
443 1373 571 1437 defectu
586 1381 689 1436 statua
706 1373 824 1453 recipit
839 1372 1091 1440 deformitatem.
1109 1376 1173 1440 Sed

95 1473 285 1543 decennia
308 1493 342 1536 se
357 1473 480 1536 habeut
496 1489 555 1554 per
569 1473 721 1534 accidens
735 1472 774 1534 ad
791 1489 895 1534 eausae
910 1470 1081 1552 virtutem;
1104 1493 1172 1539 uon
1226 1500 1230 1508 ·

95 1573 176 1637 enim
189 1572 273 1635 fiunt
284 1591 321 1635 ex
331 1572 449 1635 virtute
466 1571 602 1651 agentis,
620 1570 676 1655 sed
688 1570 737 1633 vei
754 1587 790 1632 ex
807 1569 956 1634 defectu
948 1589 1062 1650 ipsius,
1070 1574 1120 1635 vel
1136 1592 1175 1636 ex

97 1672 326 1757 impedimento
342 1671 405 1752 ipsi
422 1659 586 1752 apposito.

132 1772 163 1836 4⁰
175 1770 322 1833 Tandem
348 1789 387 1834 ex
412 1770 481 1850 ipsa
494 1769 613 1831 virtute
628 1767 753 1848 agentis
769 1767 875 1831 oritur
890 1767 1090 1850 quandoque
1104 1787 1174 1833 ma·

28 1874 37 1887 “
97 1870 169 1947 lum,
185 1887 251 1932 non
269 1879 378 1931 tamen
396 1868 430 1930 in
446 1867 562 1942 effectu
578 1860 677 1948 quem
692 1883 790 1948 agens
813 1866 967 1941 intendit,
984 1867 1039 1929 sed
1058 1869 1092 1931 in
1107 1868 1173 1932 alio

97 1966 200 2032 effectu
215 1967 276 2049 qui
293 1985 367 2030 eum
384 1968 448 2031 hoc
460 1965 666 2029 eonnectitur
682 1984 690 2028 :
709 1984 747 2027 ex
762 1982 829 2045 quo
851 1964 1012 2046 sequitur,
1031 1974 1067 2027 ut
1095 1967 1173 2028 effe-

98 2074 160 2132 ctus
173 2067 205 2130 in
221 2085 255 2130 se
280 2066 400 2142 honus,
419 2063 512 2127 alteri
530 2063 635 2126 maius
657 2064 782 2126 accidat
797 2056 898 2143 (f36);
915 2068 951 2126 ut
966 2082 1068 2145 quum
1084 2065 1170 2145 ignis

96 2163 203 2228 virtute
215 2165 352 2246 propria
368 2162 509 2245 perfecte
524 2180 634 2243 agens,
651 2163 787 2227 domum
811 2163 958 2225 incendit
973 2172 1028 2226 aut
1039 2181 1174 2227 manum

26 2325 27 2328 ,
96 2263 224 2344 ustulet;
240 2264 294 2328 vel
323 2281 426 2345 quum
450 2261 563 2345 judex,
580 2262 710 2325 actione
736 2253 918 2351 rectissima
945 2261 1171 2344 perturbatum

97 2362 238 2428 ordinem
255 2372 440 2427 restaurare
453 2362 638 2438 intendens,
653 2373 780 2426 sontem
796 2380 891 2444 poena
904 2361 1013 2425 efficit.
1024 2360 1088 2424 Sed
1104 2379 1173 2423 ma·

95 2459 158 2524 lum
179 2461 315 2525 alterius
318 2462 552 2542 ,conjunctum
565 2479 640 2524 oum
654 2462 769 2524 effectu
784 2461 873 2525 bono
889 2479 988 2543 quem
1010 2478 1106 2541 agens
1123 2460 1174 2523 in-

96 2559 202 2635 tendit,
219 2579 280 2641 per
295 2560 446 2624 accidens
461 2560 502 2623 ab
518 2568 631 2640 agente
648 2559 799 2623 efficitur.
815 2558 913 2640 Ergo.
