2792 4600
176 348 239 411 tao
631 368 802 415 unrococn.

175 480 250 540 aliae
285 486 402 560 praesto
425 497 494 542 esse
516 492 655 561 queant;
693 483 839 562 quaedam
876 500 951 545 vero
985 482 1133 566 suppleri
1157 482 1265 545 nulla-

175 590 272 640 tenus
290 588 424 658 possunt
442 597 448 642 :
463 593 494 642 et
511 580 560 642 hae
585 580 741 645 dicuntur
757 581 963 644 conditiones
990 583 1176 663 sinequibns
1188 601 1263 659 non,

175 677 198 737 i.
213 694 242 739 e.
261 675 332 738 sine
347 677 469 758 quibus
494 695 589 739 causa
602 679 790 740 nullatenus
806 678 881 759 agit.
900 678 945 740 lta
969 698 998 741 v.
1015 696 1063 759 gr.
1081 679 1161 742 boni
1179 681 1263 742 ratio

176 775 211 835 in
225 775 338 856 aliquo
354 775 482 857 objecto
498 777 639 857 cognita,
658 787 704 839 est
719 777 866 841 conditio
878 778 950 840 sine
962 797 1027 859 qua
1042 795 1108 842 non
1128 778 1193 860 agit
1207 796 1262 842 vo-

174 872 296 936 luntas.

178 1037 180 1041 .
216 972 332 1039 idda
358 991 454 1037 causa
480 973 639 1037 efficiente
673 985 704 1037 et
740 975 930 1039 conditione
959 976 1189 1057 distinguenda
1215 983 1265 1037 est

171 1075 308 1137 occasio:
322 1093 395 1154 quae
410 1075 502 1136 estid
526 1093 614 1136 omne
624 1077 666 1137 od
682 1074 771 1156 cnjus
782 1076 978 1156 presentiam
999 1075 1117 1157 aliquid
1128 1072 1175 1156 fit.
1194 1073 1263 1135 nit-

174 1172 246 1248 iert,
267 1175 444 1255 inquam‚a
471 1191 565 1236 causa
593 1174 770 1251 efficiente;
795 1174 872 1256 quia
888 1173 928 1236 ab
952 1174 1134 1243 occasionis
1149 1173 1262 1235 activi-

152 1278 238 1332 -tate
261 1271 392 1334 effectus
415 1271 619 1333 existentiam
643 1289 709 1334 non
728 1271 857 1352 recipit.
876 1268 990 1335 Differt
1018 1272 1261 1348 aconditione;

170 1354 249 1448 quia
266 1368 394 1430 occasio
408 1388 465 1450 per
477 1388 510 1432 se
526 1388 591 1432 non
609 1371 791 1451 requiritur
803 1370 842 1432 ad
858 1371 921 1434 hoc
933 1380 968 1434 nt
982 1389 1078 1434 causa
1091 1376 1262 1452 agat‚¹pos·

170 1475 222 1545 set
236 1467 324 1529 enim
341 1486 435 1549 agera
457 1460 528 1531 sine
552 1469 619 1532 illa.
634 1469 869 1550 Saepenumero
890 1478 996 1534 tamen
1014 1470 1142 1533 occasio
1157 1469 1263 1533 allicit

168 1567 330 1631 etinvitat
352 1585 481 1631 oausam
505 1569 700 1631 efficientem
723 1569 764 1632 ad
786 1569 961 1650 agendum,
978 1570 1028 1632 vel
1044 1569 1084 1633 ad
1098 1568 1260 1651 agendum

169 1668 235 1730 hoc
250 1675 396 1748 tempore
413 1666 633 1748 potiusquam
650 1668 728 1743 alio,
747 1677 907 1748 quatenus
922 1668 970 1730 vel
988 1668 1086 1730 finem
1099 1668 1259 1748 operandi

169 1767 327 1848 proponit
349 1765 469 1845 agenti,
493 1763 543 1826 vel
566 1764 751 1828 faciliorem
768 1765 900 1845 exhibet
923 1766 992 1848 ejus
1006 1768 1258 1846 assecutionem.

167 1864 215 1927 lta
231 1883 261 1927 n.
278 1882 326 1944 gr.
341 1863 484 1926 tenebrae
504 1874 580 1927 sunt
591 1866 721 1929 occasio
734 1865 773 1927 ad
788 1864 1014 1927 meditandum
1043 1865 1129 1927 etad
1147 1864 1259 1927 loran-

166 1964 261 2027 dum.

209 2061 282 2127 264.
297 2062 472 2124 Causarum
490 2061 701 2124 efficientium
730 2062 841 2125 multae
865 2062 1016 2125 teruntur
1035 2062 1227 2142 partitiones
1246 2081 1255 2139 ;

164 2179 207 2225 en
226 2160 285 2223 tibi
301 2161 511 2243 praecipuas:

209 2261 242 2323 l⁰
254 2257 355 2321 Causa
367 2258 472 2339 primo
484 2265 516 2320 et
531 2276 626 2321 causa
642 2258 787 2323 secundo.
805 2258 906 2322 Causa
933 2258 1038 2341 prima
1065 2267 1113 2321 est
1129 2277 1200 2340 quae
1216 2258 1260 2321 ab

164 2357 231 2419 alia
248 2374 314 2419 non
331 2356 463 2437 pendet,
481 2366 511 2419 et
535 2374 551 2417 a
568 2375 632 2437 qua
648 2366 771 2420 caterae
797 2374 912 2421 omnes
937 2353 1135 2438 dependent.
1155 2357 1260 2419 Causa

165 2455 311 2520 secunda
327 2465 459 2536 estque
476 2455 596 2536 pendet
611 2473 628 2517 a
644 2457 762 2537 prima.
801 2530 807 2554 ι

208 2553 242 2617 2⁰
254 2557 355 2620 Causa
369 2575 424 2636 per
438 2574 468 2616 se
479 2570 510 2617 et
525 2573 619 2618 causa
633 2575 689 2636 per
708 2556 858 2620 academ.
873 2555 973 2618 Causa
994 2573 1048 2635 per
1070 2573 1104 2620 sc
1120 2563 1168 2617 est
1182 2574 1259 2637 quae

164 2654 233 2734 agit
250 2654 282 2715 id
296 2671 362 2733 quo
378 2653 516 2717 naturali
532 2654 752 2717 destinatione
766 2653 937 2735 dirigitur,
945 2664 1001 2715 aut
1014 2653 1102 2734 quod
1119 2653 1263 2735 ipsamet

163 2771 261 2833 agere
281 2750 495 2815 intendit.Sol
508 2772 536 2814 v.
546 2770 593 2832 gr.
604 2752 897 2815 ceramemolliens
910 2761 940 2813 et
955 2751 1060 2814 lutum
1074 2750 1258 2830 obdurans,

166 2853 270 2916 homo
297 2853 374 2914 item
398 2854 453 2933 qui
485 2853 668 2915 voluntarie
683 2852 854 2915 hominem
882 2851 1046 2926 interficit,
1062 2861 1261 2914 suntcausae

166 2970 227 3034 per
239 2969 286 3013 se.
304 2950 405 3012 Causa
421 2968 479 3031 per
494 2951 644 3014 accidens
671 2959 719 3012 est
732 2967 829 3031 agens
843 2950 876 3012 io
890 2950 983 3030 cujus
999 2950 1112 3012 effectu
1129 2950 1259 3032 aliquid

165 3058 286 3133 prater
300 3050 370 3129 ejus
388 3049 603 3113 intentionem
621 3049 844 3132 conjungitur,
863 3049 1002 3113 maxime
1018 3048 1043 3111 si
1062 3048 1095 3110 id
1112 3067 1187 3111 cnm
1203 3068 1259 3113 ac·

165 3148 257 3211 tione
273 3166 339 3210 non
357 3146 398 3210 sit
415 3147 598 3228 necessario
611 3165 814 3224 connexu1n;
832 3155 867 3210 ut
878 3165 980 3229 quum
996 3146 1124 3210 fodiens
1137 3154 1259 3210 terram

164 3247 356 3311 thesaurum
374 3246 508 3310 invenit.

208 3345 242 3405 5⁰
258 3344 662 3427 Principalisnuncupatur
677 3344 926 3408 causaefficiens
938 3363 1026 3425 aqua
1039 3344 1171 3407 effectus
1187 3344 1258 3428 pri-

165 3442 271 3505 mario
287 3442 460 3521 dependet,
477 3450 512 3504 ut
524 3451 571 3504 est
583 3442 743 3523 scriptor;
760 3443 1004 3506 instrumentalis
1016 3461 1089 3524 quae
1101 3460 1119 3504 a
1131 3443 1258 3523 princi·
1318 3496 1321 3500 .

164 3541 232 3625 pali
251 3551 445 3603 moveturac
461 3541 596 3620 regitur,
611 3550 647 3603 ut
663 3550 709 3603 est
722 3541 878 3604 calamus.

106 3686 110 3693 .
206 3638 429 3701 armentaria
450 3639 574 3701 dicitur
589 3658 672 3721 quae,
690 3640 808 3721 positis
837 3639 992 3703 omnibus
1008 3657 1081 3720 quae
1096 3639 1135 3699 ad
1158 3657 1257 3720 agen-

165 3739 246 3801 dum
271 3738 502 3818 requiruntur,
521 3756 587 3800 non
614 3748 722 3819 potest
748 3757 813 3802 non
845 3722 954 3819 age're;
984 3738 1077 3800 libero
1102 3756 1175 3819 qua
1204 3756 1257 3800 se-

163 3855 234 3901 cus.
672 3911 677 3920 ⁸

207 3936 240 3995 5⁰
256 3934 356 3996 Causa
370 3936 543 4015 adaquato,
561 3954 633 4016 quae
649 3954 709 4018 per
724 3955 758 3998 se
771 3953 830 4017 par
842 3944 888 3996 est
904 3934 1033 3996 effectui
1051 3932 1256 4015 praestaodo;

167 4035 380 4114 inpinquato,
413 4053 485 4115 quae
510 4034 647 4097 aliarum
680 4023 806 4117 indiget
831 4033 953 4097 auritio
978 4050 1162 4096 causarum.
1180 4032 1259 4107 Quae
