2792 4600
881 112 1095 195 '···='·=·³'·a'.

448 262 717 321 circumcisurus,
741 256 832 308 33333
856 246 926 337 3ιῂ
944 256 1111 367 ξεεξχξνζ
1122 240 1251 346 :·5l',tlb‚‘'3

168 374 295 455 Nempe
324 376 537 457 aequalitasv
518 397 614 457 ugr
633 379 667 439 iu
688 378 776 440 linea
793 380 819 442 Α
836 340 903 442 non
919 386 967 441 est
979 365 1091 457 aliqua
1097 351 1224 438 3331133

129 474 165 534 13
181 472 253 571 ipsa
268 475 367 550 linea,
386 475 540 541 distincta
555 477 596 539 ab
612 479 682 556 ejus
698 478 908 557 longitudine
922 477 1085 551 absoluta,
1102 474 1158 536 sed
1175 483 1222 537 est

130 570 203 650 ipsa
201 563 408 653 longitudo,
437 583 473 636 ut
487 594 521 638 se
545 576 643 640 habet
669 577 707 639 ad
725 577 823 638 aliam
843 576 1084 655 longitudinem
1099 575 1136 651 B,
1150 582 1221 636 tan·
1252 651 1257 662 ξ

11 661 13 676 ¹
127 686 230 747 quam
243 670 284 730 ad
300 672 478 734 terminum
494 692 592 753 quem
609 674 834 749 denominatio
851 673 985 754 aequalis
1000 678 1166 735 connotat.
1183 670 1222 734 nt

11 823 13 854 ,
130 764 258 830 idcirco
286 767 516 848 longitudoab
541 773 726 852 equalitate
745 773 872 834 ratione
901 771 1126 851 distinguitur,
1144 770 1222 850 quia

11 863 24 875 '¹
129 865 453 948 primusconceptus
482 869 725 949 longitudinem
755 870 901 934 absolute
924 870 1121 944 considerat,
1141 868 1222 930 alter

128 961 374 1042 longitudinem
390 975 427 1029 33
441 968 511 1030 baec
522 969 621 1029 aliam
640 970 880 1048 longitudinem
893 968 1039 1048 respicit.

171 1061 244 1124 Hoc
257 1073 365 1127 autern
382 1067 426 1128 ita
442 1086 512 1131 esse
528 1067 624 1130 lacile
638 1069 834 1150 comperies,
850 1067 876 1128 si
894 1066 1142 1128 animadvertas.

172 1159 206 1220 1⁴³
221 1159 334 1225 Posito
349 1164 384 1225 in
410 1182 446 1226 re
472 1164 685 1228 fundamento
701 1165 906 1237 ettermino,
921 1165 985 1226 hoo
1000 1164 1072 1245 ipso
1088 1160 1220 1224 relatio·

126 1273 208 1318 nem
225 1259 352 1335 baberi,
371 1262 438 1324 imo
460 1281 643 1344 repugnare
659 1264 756 1343 plane
777 1282 847 1325 eam
864 1281 930 1325 nou
947 1262 1060 1324 haberi
1078 1271 1132 1322 aut
1148 1258 1220 1321 tolli

126 1359 343 1422 uincentibus
357 1360 436 1424 illis.
453 1361 509 1424 Est
524 1364 612 1426 enirn
630 1347 837 1444 impossibile
852 1382 881 1424 v.
899 1369 995 1440 gout
1007 1360 1123 1440 positis
1139 1359 1219 1420 dua·

125 1454 193 1518 bus
209 1459 458 1537 quantitatibus,
478 1463 527 1524 bae
540 1480 606 1524 non
623 1462 690 1523 sint
705 1462 845 1542 aequales
862 1479 921 1523 nec
938 1460 1126 1538 inequales,
1144 1467 1175 1519 et
1187 1465 1222 1518 ut

126 1558 246 1634 positis
270 1557 401 1621 duobus
429 1559 597 1639 quadratis
611 1560 661 1620 vel
677 1559 808 1621 duobus
834 1558 930 1632 albis,
960 1558 1029 1619 baec
1058 1573 1125 1618 non
1155 1551 1222 1616 sint

127 1654 268 1717 similia.

157 1753 207 1847 ⁸2⁰
221 1753 303 1816 Rem
319 1755 389 1818 fieri
419 1756 564 1819 similem
592 1757 642 1819 ,rel
658 1756 818 1836 aequalem
841 1756 938 1823 alteri
956 1754 1036 1817 citra
1051 1752 1151 1814 ullam
1168 1751 1218 1813 sui

128 1851 361 1927 mutationem,
393 1852 448 1916 sed
478 1854 584 1933 posito
610 1853 765 1916 duntaxat
793 1853 907 1916 altero.
933 1851 1018 1932 Ergo
1046 1850 1220 1914 relationes

123 1950 210 2023 -ittae,
229 1969 417 2031 quanquam
435 1952 475 2013 de
498 1971 582 2016 novo
597 1953 782 2026 adveniant,
804 1952 889 2013 nibil
904 1962 1012 2013 tamen
1025 1951 1059 2012 13
1075 1949 1221 2026 subiecto

130 2059 264 2130 ponunt
278 2050 365 2113 nori.
380 2052 463 2130 Ergo
479 2052 521 2113 ab
535 2053 606 2131 eius
628 2051 789 2114 absolutis
805 2050 1007 2113 realitatibus
1023 2066 1059 2111 re
1074 2065 1141 2111 uon
1157 2046 1221 2108 dif-

130 2149 255 2210 ferunt.

175 2247 367 2312 ornandam
384 2248 570 2312 entitatulas
594 2250 667 2313 illas
683 2251 833 2313 relativas
851 2267 930 2330 quas
956 2245 1109 2310 nonnulli
1140 2258 1219 2306 con-

128 2347 310 2419 finxerunt,
330 2341 369 2406 ¹et
384 2347 455 2408 sine
480 2349 546 2409 ulla
574 2349 765 2410 necessitate
788 2347 925 2429 requiri,
939 2356 970 2408 33
987 2347 1063 2407 33313
1079 2342 1219 2405 ridicule

11 2430 13 2453 ³
127 2446 329 2523 excogitatas
341 2462 422 2518 esse,
441 2454 471 2508 et
486 2463 556 2507 esse
572 2464 705 2525 prorsus
719 2446 944 2509 incredibiles.

174 2544 247 2608 205.
275 2543 333 2604 llla
351 2560 450 2623 porro
466 2544 594 2606 realitas
610 2563 682 2626 quae
698 2545 866 2608 relationis
880 2543 1141 2605 'tundamentum
1158 2546 1219 2613 est,

128 2649 240 2723 potest
256 2659 326 2702 esse
340 2649 410 2703 tum
436 2640 587 2703 accidens
617 2642 818 2716 substantiae,
846 2651 913 2704 tum
931 2642 1002 2721 ipsa
1025 2636 1218 2701 substantia.

127 2741 283 2806 Primum
293 2738 432 2820 probant
444 2739 619 2802 relationes
631 2739 862 2802 similitudinis
878 2748 908 2802 33
916 2739 1122 2821 equalitatis.
1133 2737 1219 2799 Alte·

125 2858 207 2902 rum
223 2838 399 2901 relationes
415 2837 595 2900 identitatis
611 2838 771 2919 specificae
783 2848 815 2902 et
830 2837 1005 2902 creationis
1021 2836 1168 2920 passive.
1184 2833 1217 2896 Si

127 2937 304 3000 relationis
321 2936 570 3001 fundamentum
582 2938 624 3000 sit
639 2939 711 3020 ipsa
724 2938 914 3013 substantia,
923 2938 1038 2999 relatio
1052 2932 1217 2998 essentialis
1308 2933 1311 2937 ⁴

11 3086 13 3097 ,
125 3047 199 3113 333;
216 3037 242 3097 31
256 3036 421 3113 accidens,
451 3036 656 3102 accidentalis.
671 3037 763 3109 Quod
781 3038 807 3099 si
823 3035 1070 3099 fundamentum
1088 3033 1218 3098 relatio·

127 3136 184 3198 nis
200 3137 243 3198 sit
258 3136 385 3216 aliquid
398 3137 484 3216 quod
499 3154 565 3199 uon
578 3135 611 3198 in
627 3136 773 3215 subiecto
789 3136 947 3216 ejusdem,
958 3135 1013 3198 sed
1028 3135 1218 3197 inaliocon·

128 3234 238 3309 sistat,
255 3233 519 3297 relatio'dicitur
546 3238 728 3310 ectrinsecc,
745 3246 777 3298 et
805 3237 947 3316 pertinet
974 3235 1013 3295 ad
1042 3233 1217 3297 relationes

15 3404 20 3414 Ι
128 3333 284 3408 rationis,
301 3332 478 3414 dequibus
494 3332 691 3398 moin-Tales
708 3334 884 3397 relationes
899 3342 974 3397 sunt
989 3353 1047 3396 csse
1062 3334 1217 3416 nequitum

129 3439 164 3493 et
177 3431 367 3493 honoratum
373 3454 386 3507 ,·
401 3431 478 3511 quia
494 3450 605 3494 earum
635 3432 884 3496 fundamentum
900 3445 976 3494 sunt
991 3441 1081 3495 actus
1096 3449 1218 3511 cogno-

126 3529 252 3592 scentis
269 3529 317 3591 vel
331 3529 534 3606 honorantis,
552 3548 618 3593 non
632 3531 753 3611 cogniti
768 3544 799 3593 et
816 3530 980 3594 honorati.
1013 3600 1015 3605 ,
