2792 4600
168 279 231 343 ltu
623 296 794 342 ouroaocm.

167 414 253 475 ideis
270 411 450 474 realitatum
473 429 509 471 ac
527 411 775 489 perfectionum,
790 430 870 491 quas
887 414 1096 491 experientiae
1111 432 1173 493 ope
1189 415 1258 477 col·

166 511 259 591 legit,
275 527 451 590 quasqnea
468 509 584 571 nativis
596 509 777 572 defectibus
792 510 1011 573 abstractione
1029 513 1194 591 purgarit;
1209 533 1258 594 pe-

164 610 264 672 neeim
276 627 351 671 vero
364 607 540 687 multiplici
550 608 723 672 ratiocinio
732 609 839 683 dehet,
853 628 919 691 quo
929 611 1092 673 mediante
1101 611 1258 692 intelligit

165 708 384 789 perfectiones
396 708 600 782 iliasomnes,
611 718 642 770 et
655 707 820 788 quidquid
834 709 990 772 realitatis
999 711 1127 791 concipi
1138 719 1255 791 potest,

163 807 238 871 sine
261 807 362 869 ullius
378 806 578 869 admixtione
601 806 747 870 defectus
764 807 798 868 in
814 809 895 872 Ente
912 808 970 871 illo
987 810 1093 871 inesse
1109 828 1204 889 posse
1219 828 1256 872 ac

165 906 300 968 debere.
329 906 482 977 Qtraenam
509 914 615 969 autem
643 908 708 969 sint
735 906 906 968 ratiocinia
932 907 1010 979 haec,
1033 906 1067 968 in
1091 908 1256 989 theologia

165 1004 366 1067 videbimus,
947 1013 953 1026 ·

205 1103 279 1169 sot.
304 1103 438 1167 interim
455 1105 550 1182 plane
566 1105 669 1188 liquet
686 1107 718 1168 1⁰
731 1103 899 1167 notionem
914 1103 1031 1168 infiniti
1046 1103 1253 1186 nongintuiti·

164 1221 238 1267 vam
255 1195 325 1265 esse
341 1219 400 1263 uec
413 1201 633 1278 arbitrariam,
650 1203 707 1265 sed
724 1203 949 1266 discursivam.

207 1302 239 1364 2⁰
262 1300 339 1362 Esse
354 1319 392 1360 er
413 1308 503 1379 parte
525 1300 710 1379 positivam,
738 1319 776 1362 ea
798 1311 888 1380 parte
903 1301 1096 1381 negativam,
1120 1299 1254 1380 Negatio

163 1411 272 1463 autem
296 1399 330 1459 in
347 1415 384 1459 ea
399 1406 563 1470 contenta,
586 1399 714 1477 negatio
729 1407 778 1459 est
799 1398 916 1460 limitis
932 1408 963 1460 et
979 1399 1251 1479 imperfectionis,

163 1517 222 1562 seu
235 1496 363 1576 negatio
377 1494 570 1586 negationis.
584 1497 653 1569 Qua
665 1496 838 1575 negatione
850 1497 931 1574 ipsa,
949 1515 999 1560 res
1011 1497 1151 1559 maxime
1164 1498 1256 1577 posi-

163 1600 230 1659 tiva
250 1594 449 1674 concipitur.

205 1698 239 1760 5⁰
261 1694 326 1774 ipsi
345 1693 544 1773 respondere
559 1692 724 1771 objectum
741 1695 840 1759 reale.

205 1793 278 1856 365.
296 1793 341 1855 Ex
355 1790 406 1852 his
417 1789 573 1852 omnihus
585 1789 679 1852 facile
691 1792 795 1854 solves
807 1811 880 1871 quae
893 1792 1017 1873 opponi
1031 1792 1136 1859 solent
1150 1810 1157 1855 :
1172 1810 1253 1871 quo·

162 1911 240 1956 rum
257 1892 326 1952 haec
341 1899 418 1951 sunt
434 1890 608 1969 precipua.

210 1992 241 2052 1ο
263 1987 385 2050 Infiniti
409 1988 500 2049 notio
515 1986 730 2066 perfectiones
752 1988 924 2065 complecti
943 1988 1078 2052 deberet
1093 1987 1250 2050 infinitas.

164 2088 229 2152 Sed
256 2085 399 2148 infinitas
422 2083 639 2163 perfectiones
661 2085 835 2165 complecti
851 2085 1040 2165 cognitione
1056 2102 1122 2147 uon
1139 2103 1253 2166 possu-

164 2206 251 2250 mus

205 2284 239 2348 2⁰
261 2283 336 2351 ldca
362 2283 452 2346 linita
476 2298 542 2343 non
564 2288 670 2361 potest
688 2279 856 2344 inlinitum
882 2281 1045 2360 objectum
1073 2301 1251 2363 represen-

163 2393 245 2448 tare.

204 2482 238 2544 ὅθ
259 2480 293 2542 Si
306 2479 494 2559 cognitione
509 2477 598 2539 finita
613 2476 850 2556 comprehendi
869 2487 976 2556 posset
990 2477 1167 2552 infinitum,
1183 2481 1250 2558 jam

163 2581 295 2644 finitum
307 2579 412 2657 fieret.

205 2682 303 2757 Resp.
316 2675 356 2738 ad
369 2676 419 2747 1¹⁰,
436 2674 512 2736 Dist.
526 2672 600 2752 maj.
611 2671 831 2735 perfectiones
840 2674 983 2736 infinitas
996 2691 1143 2748 numero,
1156 2693 1248 2755 ηομ

162 2773 516 2845 infinitasiutensione,
524 2771 812 2849 auhd.,·cnmplecti
822 2772 880 2833 has
888 2772 1033 2846 deberet,
1052 2772 1074 2835 i.
1092 2791 1119 2836 c.
1139 2773 1252 2853 cogni·

160 2879 252 2940 tione
268 2874 437 2952 attingere,
452 2887 556 2943 conc.,·
572 2867 740 2949 adaequate
755 2870 1048 2949 comprehendere,
1065 2889 1153 2951 nepo.

206 2973 245 3038 Et
259 2969 526 3049 contradictinpuo
542 2967 619 3028 min.

204 3071 253 3134 ad
268 3070 319 3133 2¹¹¹.
338 3068 512 3147 nunquan
528 3064 825 3146 repraesentatione,
841 3066 945 3138 conc}
963 3065 1251 3146 representatione

161 3188 251 3243 vera,
267 3187 355 3249 nepo.

206 3267 254 3332 Ad
270 3269 322 3331 5¹⁰.
349 3265 423 3326 llist.
448 3263 481 3326 Si
504 3258 742 3340 comprehendi
767 3270 875 3338 posset
895 3261 1073 3341 adaequate,
1097 3280 1201 3334 coac.;
1224 3264 1252 3324 si

160 3365 316 3445 cognosci
336 3372 440 3441 potest
456 3360 645 3441 cognitione
660 3374 745 3430 vera,
763 3357 819 3419 sed
836 3358 1051 3439 inadaeqnau,
1068 3377 1157 3439 nepo.

205 3464 220 3493 *
260 3461 334 3525 566.
359 3462 537 3523 Paorosrrro
560 3456 615 3522 lll.
638 3457 711 3520 fdcu
733 3458 811 3520 eatis
835 3459 954 3539 infiniti
978 3459 1016 3521 od
1039 3459 1109 3521 iden
1126 3460 1254 3523 catinia

159 3581 266 3645 penem
282 3559 456 3641 longissime
469 3557 575 3618 distat.

205 3661 295 3723 lianc
311 3656 572 3737 propositionem
590 3656 644 3718 hic
665 3655 893 3736 interpositam
909 3673 976 3718 non
992 3655 1178 3730 mirabitur,
1195 3657 1255 3737 qui

97 3804 100 3811 .
161 3751 1251 3841 noveritinhacmaximeconceptuumconfusioneoutologistarum

160 3863 335 3933 systemata
349 3851 493 3914 fundari.
510 3850 636 3916 Exinde
658 3851 747 3914 enim
763 3850 918 3923 inferunt,
942 3850 1109 3913 infinitum
1126 3867 1185 3913 nos
1201 3851 1254 3915 iu·

162 3950 263 4025 tueri,
280 3968 319 4012 eo
336 3950 408 4030 ipso
424 3948 511 4029 quod
527 3947 612 4012 entis
628 3948 662 4010 in
677 3966 797 4030 genere
809 3948 882 4011 idea
898 3947 1128 4013 informamur.
