2792 4600
198 306 244 381 98
656 335 827 382 curonocm.
1138 396 1164 433 ι

204 450 321 515 lutere.
338 450 418 514 Nam
438 462 469 515 et
492 453 657 533 potentiae,
676 438 717 515 si'
731 451 865 531 proprie
884 450 1088 531 accipiantur
1118 452 1200 529 (llll,
1229 453 1296 530 4⁰),
1376 480 1377 493 ι

151 581 154 585 -
204 547 275 609 sine
287 549 553 627 contrario'sunt;
570 551 673 630 ligura
690 554 766 611 item
779 567 815 610 ac
825 550 927 611 lorme
941 561 970 612 et
981 548 1111 611 habitus
1120 549 1289 625 nonnulli,

128 689 131 696 -
204 652 239 707 ut
258 666 287 709 v.
309 666 358 728 gr.
381 649 513 713 habitus
542 650 797 732 principiorum,
824 649 1026 712 contrarium
1048 666 1116 712 non
1140 648 1290 711 habent:

202 743 352 823 quadam
368 765 500 829 quoque
515 747 687 829 qualitates
708 745 892 822 sensibiles,
911 755 946 810 ut
960 765 989 811 v.
1006 763 1056 827 gr.
1073 746 1163 809 calor
1178 743 1291 826 prouti

203 851 252 903 est
267 860 443 925 corporum
461 847 607 924 affecti03
625 847 681 927 qui
695 863 883 927 quanquam
896 856 931 908 ut
946 845 1061 924 frigori
1074 845 1294 908 contrariosa

203 941 366 1006 veteribus
388 944 573 1022 haberetur,
589 956 698 1008 tamen
715 962 781 1008 non
797 944 961 1007 contrarie
978 943 1040 1018 illi,
1058 943 1115 1006 sed
1133 944 1292 1024 privative

204 1041 395 1119 opponitur,
425 1044 472 1106 uti
494 1062 610 1107 omnes
639 1045 783 1124 physica
813 1042 937 1105 tirones
959 1040 1079 1105 norunt
1097 1059 1106 1119 ;
1123 1051 1172 1104 est
1197 1042 1290 1104 enim

205 1138 308 1220 frigus
329 1144 447 1206 caloris
467 1163 524 1206 seu
548 1145 658 1224 potius
680 1143 815 1207 calorici
840 1143 1033 1206 subtractio.
1054 1141 1152 1205 Aliud
1174 1142 1290 1204 dicen·
1348 1194 1355 1203 ,

205 1237 286 1301 dum
306 1242 347 1303 de
373 1244 614 1306 sensationibus
649 1242 769 1306 caloris
792 1260 830 1304 ae
855 1241 999 1321 frigoris,
1022 1260 1104 1322 quae,
1132 1242 1293 1321 quoniam

129 1354 131 1357 ’
206 1344 344 1417 utraque
374 1341 551 1419 positivum
581 1342 739 1421 quiddam
769 1351 827 1415 est,
869 1341 1031 1403 contrarie
1060 1349 1286 1420 opponuntur.
1377 1410 1378 1421 ξ

203 1434 357 1521 Actiones
369 1436 446 1499 item
463 1439 583 1519 quibus
599 1439 742 1501 calorem
754 1447 809 1500 aut
824 1437 927 1517 frigus
944 1454 1045 1499 unum
1059 1454 1179 1516 corpus
1194 1435 1290 1499 alteri
1377 1428 1378 1511 ξ

204 1535 436 1613 communicat,
452 1537 624 1600 contrariae
640 1547 727 1612 sunt,
742 1536 1021 1617 quemadmodum
1033 1535 1196 1598 contraria
1210 1543 1290 1597 sunt

204 1630 281 1692 dare
296 1641 328 1694 et
342 1635 503 1713 accipere.

242 1728 389 1794 Assnnmo
411 1731 450 1796 ll.
471 1731 555 1794 Inter
576 1734 699 1795 luditur
717 1734 853 1795 monime
868 1750 905 1795 uc
924 1731 1133 1812 dispositiones
1152 1732 1293 1811 interque

199 1828 361 1906 qualitates
375 1831 527 1893 semiliter
542 1832 742 1894 contrarietas
756 1842 922 1893 exuretur.

242 1924 389 1991 Assenrru
411 1928 467 1992 lll.
492 1931 564 1991 Non
588 1930 688 1992 retum
712 1930 875 2009 qualitates
898 1930 964 1991 irtoe
987 1930 1151 1991 contrariu
1174 1929 1287 1990 dicun·

201 2034 265 2097 tur,
281 2026 331 2086 red
355 2027 447 2087 etium
466 2036 501 2090 ut
525 2046 622 2108 cupre
645 2030 821 2090 notavimus
838 2025 921 2104 (tet,
937 2026 994 2105 3⁰),
1011 2027 1133 2088 termini
1157 2027 1288 2090 extremi

169 2137 174 2143 ·
199 2125 298 2184 omnis
323 2123 496 2187 latitudinis
510 2145 531 2187 o
550 2144 679 2205 quorum
708 2127 802 2188 attero
830 2126 1020 2187 adelmum
1045 2126 1195 2187 transitur
1215 2124 1284 2205 fieri

197 2221 294 2300 poerit
314 2224 412 2282 eundo
437 2241 474 2283 oc
487 2225 650 2286 redeundo.
670 2221 897 2286 Nihilominus
916 2224 994 2286 solae
1015 2223 1189 2306 qualitates
1207 2239 1287 2304 pro·

200 2318 272 2396 prio
284 2319 456 2382 eontrariae
467 2331 555 2396 sunt,
570 2333 605 2383 ut
617 2339 690 2401 quae
706 2322 945 2384 contrarietatis
957 2333 1050 2385 notas
1061 2338 1177 2385 omnes
1189 2320 1289 2384 unice
1378 2313 1379 2378 ξ

201 2432 268 2495 prae
283 2434 317 2477 se
332 2416 452 2481 terunt.

241 2515 387 2579 Assnnrro
417 2516 467 2578 IV.
502 2516 632 2579 Ratione
667 2519 779 2581 lorum
811 2538 877 2600 quoe
911 2519 1068 2583 contrariu
1100 2527 1183 2594 runt,
1220 2517 1288 2580 ulio

201 2631 315 2693 queque
328 2614 425 2676 multo
436 2616 592 2677 contrariu
606 2627 829 2697 nuncupentur
844 2639 853 2678 .·
870 2635 988 2697 nempe

242 2713 419 2792 reaque
440 2716 620 2775 contrarias
648 2715 821 2793 qualitates
840 2715 973 2791 habent,
995 2724 1030 2777 ut
1046 2733 1076 2777 r.
1093 2732 1142 2795 gr.
1165 2730 1286 2793 corpus
1322 2790 1326 2798 .

199 2807 311 2870 album
327 2820 358 2871 et
373 2825 493 2890 corpus
509 2813 652 2891 nigrum,
672 2814 771 2875 horno
784 2814 891 2891 justus
907 2815 1054 2876 ethome
1070 2813 1210 2891 injustus
1226 2828 1235 2875 ε

240 2906 275 2967 2⁰
301 2925 373 2987 quae
388 2918 462 2971 actu
483 2908 532 2970 vel
549 2910 692 2988 potentia
708 2923 785 2975 sunt
802 2913 905 2975 activa
920 2912 1085 2993 principia
1100 2908 1285 2974 contrario·

199 3026 286 3083 rum,
305 3018 339 3072 ut
351 3012 436 3090 ignis
448 3013 505 3092 qui
518 3011 633 3074 excitat
644 3013 995 3077 celoris'sensationem
1008 3013 1286 3077 communicando

199 3123 295 3168 suum
311 3108 502 3185 celorinum,
520 3118 551 3172 et
562 3109 682 3189 glacies
699 3130 771 3192 quae
785 3113 902 3174 excitat
913 3113 1132 3175 sensationem
1150 3109 1286 3192 frigoris

199 3207 378 3270 caloricum
390 3207 636 3284 subtrahendo;
654 3211 704 3272 vel
716 3209 983 3291 binaevires'quae
994 3212 1033 3272 ud
1051 3221 1194 3273 extrema
1205 3226 1285 3273 con·

198 3306 298 3370 traria
314 3307 492 3387 impulsum
508 3319 684 3372 exercent:

239 3405 273 3466 5⁰
285 3422 357 3485 quae
369 3405 533 3468 contraria
545 3406 711 3486 recipiunt
722 3408 855 3471 alterius
863 3408 1002 3484 actione,
1018 3421 1179 3491 utcorpus
1191 3412 1285 3492 quod

199 3504 384 3568 sensatione
395 3504 526 3582 caloris,
543 3514 574 3566 et
589 3522 710 3585 corpus
732 3507 821 3587 quod
833 3508 1018 3572 sensatione
1034 3509 1167 3590 frigoris
1181 3510 1287 3573 affici·

198 3615 269 3682 tur;
285 3604 333 3666 vel
346 3603 412 3666 duo
425 3620 563 3682 corpora
575 3621 647 3683 quae
659 3605 700 3665 ad
713 3615 855 3668 extrema
862 3608 1025 3671 contraria
1036 3609 1283 3691 propelluntur.

237 3706 272 3767 4⁰
287 3701 352 3782 lpsi
376 3712 483 3765 motus
498 3720 536 3765 ac
551 3705 746 3767 mutationes
762 3706 908 3785 positive
925 3702 1132 3787 quecunque
1145 3708 1187 3770 ad
1202 3725 1288 3772 con·

196 3801 316 3864 trarios
338 3801 497 3864 terminos
519 3802 698 3877 tendentes,
716 3805 908 3867 mactiones
930 3823 1044 3868 omnes
1060 3806 1181 3886 quibus
1202 3824 1286 3871 con·

197 3901 304 3962 trariae
324 3902 525 3963 sensationes
554 3901 694 3977 cientur,
723 3919 876 3966 ascensus
894 3911 937 3992 ⁴ct
958 3906 1134 3970 descensus
1163 3899 1286 3988 corpo·
1318 3907 1321 3910 ’

196 4015 283 4073 rum,
300 4008 362 4062 etc.

1067 4187 1102 4242 ο
1119 4153 1122 4159 ,
