2792 4600
160 372 221 435 ato
595 389 785 434 cosuromcm.
801 385 803 390 ·

140 557 144 562 .
159 503 258 566 nibus
274 522 340 567 non
362 503 482 582 differt,
496 505 559 569 sed
569 504 610 567 ab
626 505 667 572 iis
682 464 750 567 tota
762 503 956 583 corrivatur,
970 504 1060 568 nulla
1072 519 1108 566 re
1123 503 1247 580 addita,

159 602 250 665 nulla
265 602 422 667 detracta.
646 597 655 614 ⁸

595 771 759 818 surrectus
781 773 810 817 V·

520 887 562 949 De
570 888 738 954 ‚stomoma
751 886 893 949 ritmico.

199 999 251 1065 50.
276 1000 414 1064 Chimiae
445 1000 607 1080 dogmata,
643 1020 716 1081 quae
738 1002 777 1062 ad
800 996 986 1081 generalem
1008 1000 1049 1063 de
1071 991 1249 1082 corporum

159 1098 391 1161 constitutione
413 1098 576 1161 theoriam
600 1100 776 1179 pertinent,
800 1099 840 1160 ad
866 1099 934 1161 haec
957 1098 1121 1179 praecipua
1142 1098 1251 1179 capita

158 1198 301 1261 revocari
318 1208 466 1278 possunt.

173 1311 176 1314 ’
201 1295 233 1355 l⁰
256 1295 398 1371 Materia,
416 1315 489 1377 quae
506 1296 592 1360 idern
609 1304 703 1359 sonat
728 1314 766 1358 ac
791 1312 948 1376 corporea
973 1295 1166 1368 substantia,
1184 1294 1249 1356 alia

159 1401 208 1454 est
241 1395 479 1473 ponderabilis,
503 1396 566 1458 alia
589 1395 877 1476 imponderabilis.
901 1395 1047 1475 Corpora
1079 1391 1250 1458 sensibilia

158 1477 518 1576 utramquecoutinsutJ
528 1494 806 1575 imponderabilis
823 1511 899 1555 vero
912 1496 1044 1555 materia
1060 1510 1126 1555 non
1140 1493 1250 1555 solum

156 1592 354 1671 corporibus
386 1591 599 1655 sensibilibus
622 1581 837 1667 immiscetur,
861 1592 919 1680 sed
943 1593 1107 1655 mundana
1136 1595 1249 1655 omnia

157 1689 262 1770 spatia
277 1700 426 1772 occupat.
442 1692 492 1754 Ab
507 1710 542 1753 ea
557 1701 753 1772 repetuntur
769 1694 986 1773 phaenomena
1008 1691 1092 1752 lucis
1106 1700 1138 1753 et
1159 1691 1249 1755 calo-

157 1788 216 1865 ris,
234 1789 456 1851 electricitatis
471 1797 503 1852 et
518 1791 739 1869 magnetismi,
756 1798 786 1851 et
809 1789 903 1850 valde
920 1788 1135 1869 probabiliter
1149 1790 1248 1851 etiam

152 1889 361 1951 attractionis
376 1889 570 1970 omnigena.
585 1887 861 1970 imponderabilis
877 1888 1009 1963 dicitur,
1025 1890 1104 1970 quia
1119 1889 1248 1953 nullum

160 1986 268 2050 adhuc
281 1987 314 2049 iu
332 1987 401 2067 ipsa
417 1987 547 2068 pondus
563 1987 807 2068 deprehensum
823 1994 883 2049 est.

197 2083 396 2165 2⁰·Gorpora
412 2085 594 2168 sensibilia,
613 2096 772 2174 quantum
795 2085 835 2146 ad
862 2084 1031 2146 materiam
1051 2084 1249 2166 ponderabi-

159 2186 224 2247 lem
239 2193 373 2265 spectat,
391 2186 454 2248 alia
468 2163 623 2266 simplicia
649 2186 816 2260 dicuntur,
832 2185 896 2246 alia
913 2184 1022 2259 mixta,
1039 2204 1096 2247 seu
1112 2202 1246 2265 compo·

158 2283 230 2347 sita.
248 2280 418 2364 Simplicia
434 2294 511 2348 sunt
525 2304 597 2366 quae
613 2286 648 2347 iu
664 2285 759 2366 plura
790 2302 929 2366 corpora
959 2284 1095 2346 diversae
1124 2295 1248 2347 naturae

157 2385 275 2447 resolvi
291 2385 400 2447 adhuc
426 2403 492 2448 nou
520 2393 709 2466 potuerunt,
737 2403 877 2466 quaeque
904 2384 1045 2464 proinde
1061 2384 1249 2446 exdiversis

157 2482 354 2563 corporibus
370 2499 435 2545 non
458 2482 640 2545 coalescere
666 2482 797 2562 opinari
817 2469 914 2545 iicet.
946 2481 1134 2562 Composita
1156 2490 1245 2558 sunt,

157 2600 229 2663 quae
242 2581 274 2642 in
292 2598 431 2661 corpora
446 2581 582 2643 diversas
598 2590 721 2644 naturae
737 2583 853 2645 resolvi
871 2590 1019 2662 possunt.
1039 2582 1043 2588 '

197 2683 231 2744 5⁰
253 2680 370 2745 Omnia
386 2697 523 2761 corpora
546 2681 579 2742 in
607 2691 714 2761 partes
744 2681 847 2743 dividi
875 2692 1012 2763 queunt.
1029 2680 1158 2745 Ultimae
1173 2698 1247 2744 cor·

158 2796 275 2861 porum
293 2780 459 2859 particulas
474 2799 547 2860 quas
561 2780 680 2842 mediis
697 2782 898 2844 mechanicis
919 2791 995 2844 sunt
1011 2781 1243 2857 indivisibiles,
1342 2794 1344 2798 ’

158 2878 314 2940 dicuutur
337 2878 490 2940 mobsaloe
514 2879 712 2959 intemeratas,
742 2892 884 2960 suntque
911 2897 1023 2944 omnes
1051 2881 1137 2943 iuter
1151 2896 1196 2956 se,
1215 2890 1247 2944 et

156 2996 230 3039 curn
254 2985 322 3039 toto
338 2977 559 3057 homogenaea.
577 2978 842 3058 compositorum
858 2999 934 3044 varo
950 3000 1128 3062 corporum
1145 2983 1247 3063 mole·

157 3078 237 3140 culae
253 3076 287 3137 in
304 3085 411 3156 partes
437 3077 669 3158 heterogeneas
695 3080 814 3141 resolvi
844 3093 980 3159 possunt
997 3100 1054 3162 per
1069 3082 1246 3144 chimicam

156 3176 328 3253 analysim.
353 3175 407 3237 Hae
431 3185 537 3257 partes
561 3179 785 3257 heterogeneae
808 3181 1041 3260 integrantium
1065 3183 1244 3246 moleoula-

156 3293 230 3338 rum
246 3275 454 3355 appellantur
475 3276 626 3338 moleretur
639 3278 851 3340 constitutivo.
867 3276 944 3349 Quae
967 3296 1105 3358 possunt
1120 3288 1151 3342 et
1167 3282 1245 3360 ipsas

156 3368 346 3455 compositae
361 3392 432 3436 esse
447 3392 455 3451 ;
472 3391 509 3436 ac
523 3375 630 3436 solum
654 3376 687 3437 in
715 3377 906 3438 substantiis
935 3396 1010 3439 vere
1034 3379 1245 3459 simplicibus

155 3474 344 3554 composita
366 3489 433 3534 non
456 3481 544 3534 suut.
569 3473 642 3536 llaec
672 3475 891 3555 incomposita
913 3476 1107 3555 corpuscula
1130 3495 1245 3540 vocare

155 3572 269 3635 licebit
281 3582 402 3634 cicinnos¹
410 3571 597 3652 primitivas.

178 3669 227 3731 '4⁰
249 3669 332 3733 Hinc
347 3669 507 3749 sequitur,
524 3687 663 3750 corpora
689 3689 759 3732 esse
784 3681 952 3751 aggregata
974 3671 1243 3753 substantiarum,

152 3778 199 3832 tot
215 3769 304 3830 enirn
317 3778 393 3830 sunt
409 3768 444 3829 in
460 3785 599 3848 corpore
614 3768 814 3845 substantias,
843 3778 923 3850 quot
938 3771 973 3830 in
990 3788 1029 3833 eo
1050 3780 1128 3833 sunt
1142 3772 1243 3834 atomi

153 3867 327 3949 primitivae
344 3883 352 3929 :
369 3867 531 3928 diversam
559 3866 838 3947 itemcorporum
856 3878 1003 3929 naturam
1021 3869 1063 3930 ab
1079 3870 1246 3949 integran-

152 3966 235 4027 tium
252 3965 489 4031 moleoularum
506 3963 694 4026 diversitate
709 3966 871 4045 originem
887 3967 1022 4029 ducere.
1116 3964 1119 3965 ἢ

170 4073 173 4081 '
193 4063 226 4124 5⁰
249 4062 452 4144 Copulantur
474 4081 652 4157 corporum
687 4064 869 4140 moleoulae,
893 4084 930 4128 ac
952 4067 1053 4130 simul
1075 4068 1246 4130 cobaereut
