2792 4600
306 361 308 365 .
408 303 496 348 tissa
518 303 679 362 saconuus,
704 303 795 349 staur
817 305 846 350 v.
923 320 925 323 ·
1121 289 1181 355 139

101 399 256 498 sequitur?
270 416 410 480 Tollitur
423 417 514 480 illico
526 419 634 480 omnis
648 419 869 480 humanorum
883 431 1015 483 actuum
1028 421 1179 505 libertas3

100 536 133 579 ac
156 515 295 596 proinde
318 516 446 579 nullum
472 524 519 578 est
546 517 688 596 amplius
710 518 876 579 meritum·
892 519 941 580 vel
964 519 1179 599 demeritum,

101 614 225 696 premia
237 615 395 676 omniaae
404 632 506 694 poenae
519 634 556 675 ex
568 633 662 695 aequo
676 614 804 695 injustae
817 626 894 678 sunt
905 627 1001 698 atque
1013 617 1179 692 absurdam

101 713 347 794 nemoamplius
363 714 482 794 estqui
501 715 586 794 pius,
603 731 700 777 nanto
716 714 772 794 qui
791 716 946 778 scelestus
968 717 1033 778 dici
1058 717 1179 797 possit;

101 813 158 874 imo
172 812 199 873 si
216 812 331 875 emnia
351 815 435 875 lleus
455 813 532 892 agit,
551 813 659 892 ipsum
687 813 773 875 inter
798 815 943 876 actiones
972 815 1124 878 honestas
1149 828 1181 879 et

46 914 47 933 ³
101 913 281 977 inhonestas
300 913 517 974 intrinsecum
533 912 711 975 discrimen
724 913 897 975 evanescit.

132 1011 226 1091 tiqui
244 1012 315 1073 haee
326 1029 393 1075 non
408 1011 597 1073 christiane
610 1011 709 1072 modo
726 1011 814 1086 fidei,
829 1012 885 1073 sed
902 1020 933 1073 et
950 1011 1066 1092 primis
1081 1015 1180 1077 ratio·
1243 1016 1250 1027 “

100 1112 143 1176 nis
155 1109 332 1192 principiis
348 1120 380 1173 et
397 1110 507 1171 sensui
525 1111 694 1173 communi
711 1119 787 1172 sunt
802 1110 899 1192 plane
915 1113 1090 1187 comraria,
1108 1130 1178 1175 otn-

46 1288 47 1293 .
99 1225 228 1288 nemque
251 1209 431 1271 humanam
447 1207 634 1271 societatem
651 1207 800 1270 funditus
816 1221 975 1271 evertunt.
993 1210 1179 1291 Unusquis-

46 1298 47 1325 ³
99 1325 153 1388 que
165 1305 266 1386 igitur
282 1307 381 1381 videt,
398 1316 518 1386 quanta
534 1306 576 1367 sit
594 1306 871 1382 occasionalismi,
888 1306 916 1370 si
933 1306 972 1385 ad
991 1307 1179 1389 hecusque

99 1411 227 1467 extrema
244 1405 456 1484 provehatur,
470 1414 501 1465 et
516 1397 703 1465 absurditas
719 1411 750 1465 et
766 1403 929 1485 impietas.
1202 1389 1204 1394 ¹

131 1502 197 1567 tet.
222 1504 387 1593 Probatur
398 1503 544 1566 secundo
557 1503 742 1583 propositio
758 1500 799 1563 de
814 1501 1024 1581 corporibus.
1218 1572 1219 1575 Ἴ

131 1605 160 1666 l⁰
173 1601 316 1664 inactiva
328 1594 398 1664 esse
409 1620 549 1683 corpora
562 1602 654 1664 nullo
670 1601 768 1664 modo
785 1600 918 1680 probari
935 1611 1059 1682 potest;
1073 1621 1179 1684 neque

46 1702 47 1721 ¹
99 1720 112 1765 a
126 1701 219 1782 priori
236 1718 347 1781 neque
363 1719 381 1762 a
397 1701 589 1781 posteriori.

46 1876 47 1885 ἵ
131 1798 228 1860 Noua
245 1799 364 1878 priori.
382 1798 437 1863 Ad
450 1800 512 1860 hoe
526 1798 615 1859 enim
633 1815 764 1859 necesse
781 1797 864 1860 soret
880 1809 914 1860 ut
930 1815 1108 1877 corporum
1125 1818 1174 1861 es·

46 1890 47 1967 l
100 1897 217 1958 seutiam
235 1915 274 1957 ex
291 1897 417 1976 integro
431 1905 633 1977 perspectam
650 1895 857 1970 haberemus,
872 1906 926 1958 aut
938 1897 1172 1983 saltemlutali·

100 2012 182 2075 quam
195 1994 227 2055 in
242 1994 285 2055 iis
299 1994 621 2075 deprehenderemus
634 1994 840 2056 essentialem
856 1995 1088 2074 proprietatem
1104 2014 1176 2076 quae

99 2113 215 2157 omnem
233 2113 372 2175 prorsus
386 2094 583 2156 activitatem
599 2094 799 2156 excluderet.

128 2193 190 2256 Jam
206 2210 267 2255 nee
284 2194 460 2256 essentiam
476 2211 655 2274 corporum
673 2212 711 2254 ex
724 2193 849 2273 integro
862 2191 1104 2271 cognoscimus,
1117 2209 1176 2255 nee

99 2295 319 2375 proprietatem
338 2295 483 2377 aliquam
506 2292 695 2374 hujusmodi
726 2293 758 2355 iu
787 2292 853 2354 illis
880 2291 1173 2372 deprehendimus.

97 2394 233 2457 batensio
257 2394 347 2455 enim
365 2412 463 2474 quam
479 2394 513 2455 in
530 2392 726 2473 corporibus
748 2392 927 2465 intuemur,
947 2390 1044 2451 habet
1059 2390 1174 2471 utique

98 2510 159 2554 cum
171 2492 199 2552 vi
212 2492 379 2578 cogitandi
394 2505 448 2555 aut
459 2492 589 2556 volendi
603 2492 754 2553 intimam
763 2488 1025 2576 repugnantiam,
1036 2488 1092 2550 sed
1107 2506 1174 2552 non

95 2608 158 2653 cunt
172 2591 335 2653 activitate
352 2610 569 2672 quacumque.
585 2590 769 2669 Conceptus
782 2589 871 2651 enim
888 2586 1124 2648 divisibilitatis
1138 2604 1174 2649 ac

97 2689 338 2769 multiplicitatis
352 2690 492 2769 partium
501 2689 689 2770 generieum
703 2686 873 2749 activitatis
886 2692 1082 2765 conceptum
1095 2703 1173 2747 neu·

98 2788 206 2868 tiquam
222 2788 381 2850 excludit.

128 2885 192 2949 Non
220 2905 238 2949 a
265 2888 453 2968 posteriori,
473 2905 590 2966 nempe
616 2903 675 2967 per
701 2883 947 2972 experientiam.
966 2883 1097 2947 Etenim
1114 2901 1174 2964 per

96 2983 318 3064 experientiam
331 2985 527 3047 activitatem
539 2982 748 3046 solummodo
764 2996 960 3061 cognoscere
974 2997 1170 3060 possumus:

85 3081 153 3143 'sola
165 3082 253 3145 enim
270 3083 416 3145 activitas
433 3100 493 3145 nos
509 3083 637 3143 afficere
654 3088 759 3159 potest
785 3088 883 3158 atque
898 3076 1173 3157 impressionibus

97 3180 152 3243 sais
160 3181 333 3243 immutare
346 3199 354 3259 ;
369 3182 852 3257 inactivitasveronequaquam
865 3193 873 3251 ;
888 3191 981 3236 secus
991 3174 1173 3237 inactivitas

97 3280 337 3342 essetactivitas.
872 3326 875 3331 .
1031 3345 1034 3350 ,

128 3377 193 3441 282.
210 3382 243 3443 2⁰
262 3404 276 3436 r
293 3381 413 3442 Contra
433 3380 594 3441 rationem
622 3374 795 3455 sapientiae
819 3380 878 3445 est,
891 3372 945 3453 ita
965 3373 997 3434 S.
1016 3372 1169 3448 Thomas,

99 3497 111 3533 s
130 3485 160 3540 ut
173 3477 213 3539 sit
231 3478 359 3559 aliquid
376 3478 496 3540 frustra
520 3478 554 3539 in
581 3474 741 3557 operibus
757 3472 928 3553 sapientis.
946 3472 979 3535 Si
996 3480 1105 3533 autem
1121 3475 1172 3532 res

99 3593 111 3630 r
130 3584 235 3638 creatae
251 3577 344 3639 nullo
360 3576 459 3640 mode
471 3584 650 3658 operentur
662 3572 703 3634 ad
717 3571 849 3634 effectus
863 3567 1104 3649 producendos,
1114 3568 1171 3629 sed

100 3693 112 3729 r
130 3674 211 3736 solus
222 3677 308 3740 Deus
320 3685 476 3756 operetur
487 3676 599 3740 omnia
614 3671 817 3743 immediate,
829 3668 948 3730 trustra
960 3676 1067 3728 essent
1079 3665 1172 3727 edhi-

100 3768 197 3834 »hitae
212 3772 252 3835 ab
276 3773 284 3833 i
329 3791 349 3836 o
370 3774 447 3852 alie
470 3792 522 3837 res
536 3773 574 3835 ad
594 3766 826 3853 producendos
842 3765 985 3828 allectus.
1001 3767 1172 3846 Repugnat

101 3885 112 3922 r
132 3868 222 3948 igitur
238 3791 393 3951 praePdiua
408 3872 529 3952 positio
546 3871 668 3932 divinae
684 3863 854 3947 sapienties
872 3886 885 3920 v
904 3864 952 3940 (l).
1112 3870 1115 3874 '

121 4002 149 4057 [ll
163 4003 247 4051 Garrire
259 4004 328 4051 Geni.
342 4004 361 4051 1.
372 4015 394 4050 c.
559 3994 562 3999 ’

445 4112 459 4138 0
