2792 4600
211 285 271 348 190
662 298 833 343 amomon.

209 415 368 477 dinentur
383 414 459 476 libri
479 414 511 476 in
529 414 742 482 bibliotheca,
757 413 965 487 numismata,
985 414 1106 475 milites
1118 424 1149 476 et
1161 414 1295 478 similia.

210 513 333 574 Poterit
349 513 487 592 proinde
501 512 632 576 definiri
649 513 732 576 ordo
749 514 811 576 boc
828 521 921 591 paeto
935 528 942 573 :
958 515 1137 575 constitutio
1159 513 1297 593 plurium

196 610 293 687 ‚disin
309 610 393 684 loeis,
416 630 482 691 pase
509 620 591 674 certe
616 613 723 692 alique
751 613 833 673 ratio
856 610 1052 684 determinat;
1070 625 1123 673 aut
1140 610 1295 674 brevius:

209 707 366 788 dispositio
379 712 518 790 plurium
531 714 697 773 seeundum
712 711 849 789 aliquem
863 727 966 770 eorum
982 708 1172 772 relationem.

253 806 367 869 Ordini
388 810 569 889 opponitur
592 809 793 870 inordinatio
820 824 876 868 seu
899 806 1071 880 conlusio;
1088 825 1160 888 quae
1176 817 1223 868 est
1237 809 1298 869 dis-

210 906 330 985 positio
345 907 484 986 plurium
502 925 572 968 unu
596 908 631 967 itt
657 907 696 965 iis
710 906 794 978 loeis,
811 924 877 984 quoe
891 905 997 984 aliquo
1011 924 1114 965 eorum
1125 906 1234 967 relatio
1249 908 1297 967 de·

211 1005 361 1066 terminet.

253 1100 324 1185 589.
338 1101 370 1163 Si
386 1101 420 1162 in
434 1102 531 1164 rebus
546 1100 663 1164 ordine
678 1100 868 1180 digerendis
880 1100 979 1162 unius
991 1108 1116 1162 tautum
1129 1100 1297 1165 relationis

212 1199 296 1261 ratio
313 1200 481 1275 habeatur,
498 1198 581 1261 ordo
597 1208 644 1260 est
658 1200 805 1279 simplem
819 1199 844 1259 si
862 1198 1007 1278 plurium
1023 1199 1134 1270 simul,
1151 1200 1300 1279 composi·

215 1306 280 1357 tus:
296 1295 399 1358 Erunt
417 1315 446 1359 v.
465 1314 513 1377 gr.
530 1297 699 1359 volumina
724 1296 841 1360 ordine
857 1296 1001 1375 simpliei
1019 1296 1189 1377 disposita,
1206 1296 1232 1357 si
1250 1309 1299 1360 at-

214 1404 300 1455 tenta
317 1396 414 1456 luerit
440 1396 547 1458 solum
562 1398 566 1407 “
579 1396 732 1457 identitas
748 1397 908 1470 materiam
925 1396 1042 1458 ordine
1058 1396 1253 1475 composito,
1270 1396 1299 1457 si

213 1504 369 1574 praeterea
385 1508 415 1556 et
430 1494 667 1573 magnitudinis
683 1504 714 1555 et
729 1494 933 1574 antiquitatis
951 1495 1033 1556 ratio
1049 1496 1091 1554 sit
1108 1492 1229 1555 habita.

254 1594 292 1656 Et
308 1610 359 1652 res
371 1591 568 1653 ordinantur
580 1601 611 1653 et
624 1609 735 1653 rerum
758 1592 966 1671 operationes
982 1610 1019 1653 ae
1035 1601 1154 1653 motus.
1169 1591 1302 1653 Primus

214 1690 271 1752 ille
286 1691 368 1752 ordo
383 1690 509 1752 statinus
525 1701 745 1769 nuncupatur,
762 1689 944 1768 dynamium
958 1690 1049 1751 alter.

256 1788 433 1868 Dispositio
449 1805 559 1850 rerum
575 1788 793 1849 materialium
811 1797 842 1848 et
864 1788 1113 1849 consistentium
1141 1788 1176 1847 io
1200 1788 1303 1867 spatie

214 1888 261 1961 lit,
279 1904 389 1948 rerum
405 1886 468 1946 sibi
495 1885 741 1948 succedentium
756 1887 791 1946 iu
810 1895 951 1964 tempore,
970 1902 1077 1947 nerum
1101 1887 1303 1947 immateria-

213 1987 302 2051 lium.
320 1994 352 2046 et
380 1984 630 2048 coexistentium
647 1985 679 2048 in
697 1985 796 2047 modo
813 1984 990 2064 cogitandi,
1008 2002 1064 2046 seu
1080 1985 1115 2046 in
1129 1986 1227 2065 sienis
1241 2005 1304 2046 na·
1394 2015 1395 2036 r

213 2083 396 2162 tursefflbit.

253 2181 331 2243 'lam
344 2181 519 2243 relationes
535 2179 638 2241 reales
654 2198 753 2260 quam
775 2181 887 2260 logicae
908 2180 1046 2266 ordinis!
1060 2183 1205 2262 regulam
1223 2199 1304 2260 sup·

213 2279 360 2362 peditare
376 2286 524 2364 possunt.
550 2278 587 2341 V.
609 2296 657 2359 gr.
689 2298 728 2341 ex
758 2278 971 2343 relationibus
1001 2267 1115 2359 logicis
1143 2279 1306 2360 temporis

214 2378 321 2442 oritur
345 2379 427 2442 ordo
454 2378 706 2458 tirasonensem
723 2388 754 2439 et
780 2396 818 2439 ex
841 2378 1058 2440 relationibus
1084 2396 1156 2458 quae
1168 2379 1307 2459 juribus

212 2488 244 2538 et
258 2477 386 2550 officiis,
404 2475 520 2537 merito
536 2494 573 2537 ao
594 2475 753 2538 demerito
779 2475 1001 2550 eontinentur,
1018 2476 1101 2539 ordo
1116 2479 1245 2538 moralis
1262 2494 1305 2540 ac

99 2642 110 2649 ,
213 2577 346 2639 serialis.

253 2672 296 2735 Ex
310 2671 675 2735 relationibusraalibus
685 2671 865 2733 identitatis
875 2670 1310 2737 etdistinetionibusenistit

211 2771 516 2849 ordosymmetrirus
531 2781 562 2830 et
577 2770 784 2831 harmonicus.
813 2769 870 2831 llle
897 2777 944 2830 est
969 2770 1131 2849 coaptatio
1155 2760 1309 2852 plurium

212 2872 393 2931 secundum
408 2869 625 2949 aequalitatem
642 2877 674 2929 et
689 2867 964 2944 inaequalitatem
980 2869 1033 2929 hio
1048 2872 1209 2949 coaptatio
1227 2871 1311 2950 plu·

212 2969 300 3029 rium
315 2967 495 3028 seeundum
512 2960 766 3029 similitudinem
782 2974 814 3028 et
826 2966 1145 3030 dissimilitudinem.
1160 2968 1313 3032 Relatio·

213 3085 271 3128 nes
283 3084 358 3128 vero
371 3064 654 3127 causaeetelleotus
666 3064 869 3126 constituunt
881 3064 1031 3125 ordinem
1043 3067 1181 3145 finalem.
1193 3065 1311 3138 Quum

212 3166 302 3226 enim
328 3165 376 3224 hae
398 3162 574 3225 relationes
602 3163 827 3236 attenduntur,
852 3164 1000 3243 operatio
1024 3165 1093 3245 ipsa
1115 3165 1311 3261 resorptu-

212 3263 371 3337 tenditur,
401 3280 438 3324 ae
470 3279 521 3324 res
556 3277 615 3340 pro
647 3262 958 3345 aptitudinequam
980 3262 1019 3323 ad
1045 3262 1142 3325 finem
1167 3263 1311 3338 babent,

214 3361 448 3441 disponuntur.
492 3351 496 3359 ’

252 3459 324 3524 590.
349 3450 544 3523 Cenomanis.
570 3460 601 3520 l⁰
623 3457 753 3523 Eaedem
769 3475 820 3518 res
851 3457 980 3520 diverso
1011 3469 1147 3539 possunt
1176 3460 1310 3524 ordine

214 3557 358 3638 disponi,
373 3556 613 3637 protelationis
630 3575 702 3636 quae
718 3557 899 3618 attenditur
913 3558 1113 3620 diversitate.

253 3657 287 3719 2⁰
309 3658 392 3720 Hine
410 3674 482 3736 quae
496 3655 553 3718 uni
571 3656 720 3718 ordinata
736 3666 823 3731 sunt,
840 3658 931 3718 alteri
956 3655 1090 3718 confusa
1104 3657 1206 3719 videri
1225 3675 1316 3736 pos·

214 3765 302 3833 sunt.

255 3853 289 3914 5⁰
310 3853 483 3931 Nunquam
506 3851 589 3914 ordo
621 3866 669 3914 est
701 3851 838 3914 omnino
868 3851 1074 3914 arbitrarius.
1098 3852 1131 3916 Si
1155 3853 1241 3913 enim
1273 3854 1322 3917 in

143 3936 148 3945 ⁸
215 3968 325 4012 rerum
358 3949 574 4030 dispositione
597 3949 790 4012 relationem
824 3967 936 4012 earum
970 3950 1114 4031 aliquam
1147 3959 1323 4031 tanquam
