2792 4600
422 322 510 388 tiene
533 343 695 402 strennuus,
719 343 810 389 ceron
832 344 861 388 v.
1091 388 1093 391 ,
1132 325 1194 391 131

37 482 38 493 ¹
115 457 209 539 simul
223 463 426 521 concurrunt
450 457 489 518 ad
507 474 609 519 nnrrm
627 457 847 539 eumdemque
862 458 1022 535 effectum,
1038 477 1198 525 concurre
1241 469 1245 476 '

116 556 334 621 nominantur.

152 653 184 715 6⁰
201 653 348 731 Unicocu,
366 672 438 734 quae
455 653 604 716 effectum
631 652 785 734 producit
800 655 938 717 essentia
954 655 1018 719 sibi
1038 657 1195 735 similem,

118 765 149 817 ut
162 762 209 813 est
222 752 354 833 planta;
369 754 534 832 equivoco,
551 770 623 833 quae
639 753 787 814 ellectum
804 753 958 833 producit
982 759 1130 820 essentiae
1146 759 1195 821 di·

116 870 219 924 versae,
239 864 273 913 ut
288 861 337 913 est
353 852 480 915 artifex.

153 953 183 1010 7⁰
200 949 335 1031 Pltpsico
350 961 399 1013 est
413 969 508 1012 cansa
533 970 605 1031 quae
621 950 770 1013 effectum
800 952 883 1032 parit
906 951 1024 1015 virtute
1047 938 1195 1036 propria,

115 1052 176 1113 sive
189 1035 368 1129 principali
384 1048 451 1111 sive
463 1050 722 1112 instrumentali.
739 1049 879 1123 Marciis,
897 1068 970 1129 quse
984 1050 1103 1115 virtute
1120 1074 1197 1134 pro·

117 1149 180 1230 pria
192 1167 252 1211 nec
270 1149 422 1229 producit
438 1150 586 1211 effectum
609 1167 670 1210 nec
695 1148 735 1210 ed
754 1149 847 1210 illum
862 1151 1109 1229 producendum
1127 1155 1197 1219 ullo

116 1248 207 1309 modo
219 1259 429 1329 cooperatur,
443 1249 498 1311 sed
515 1249 621 1311 solum
637 1248 734 1311 aliam
750 1266 881 1311 causam
897 1261 952 1312 aut
966 1250 1196 1333 aliampoten·

117 1350 187 1410 tiam
199 1347 348 1427 ejusdem
364 1347 526 1430 suppositi
540 1347 764 1428 aliquomodo
781 1346 907 1409 inducit
922 1348 961 1410 ed
978 1354 1196 1431 operandum.

117 1447 177 1509 lloc
192 1455 288 1524 pacto
314 1445 503 1526 imperium,
529 1445 716 1519 consilium,
734 1446 844 1518 minae,
858 1464 973 1526 preces
1002 1459 1079 1511 sunt
1093 1470 1199 1514 causae

118 1542 264 1618 morales,
282 1553 443 1624 quatenus
458 1544 596 1606 alterum
612 1532 868 1622 adoperandum
885 1556 1026 1607 movent.
1045 1547 1091 1610 lta
1113 1531 1198 1630 ouo·

117 1659 174 1720 que
187 1642 306 1703 merita
323 1640 370 1703 nel
381 1641 539 1704 demerita
550 1640 818 1731 praemiornmvel
831 1655 1199 1721 poenarumsuntcausee

117 1740 261 1804 morales,
280 1740 350 1803 lmo
366 1740 464 1802 etiarn
481 1740 630 1802 voluntas
650 1749 808 1801 causaest
826 1740 960 1802 moralis
975 1749 1119 1820 actuum,
1137 1749 1195 1827 qui

117 1839 271 1900 acaeteris
297 1839 453 1920 potentiis
474 1839 544 1920 ipsa
560 1839 742 1920 imperante
768 1838 955 1913 eliciuntur,
971 1843 1095 1921 quique
1121 1864 1200 1925 pro·

119 1948 217 2018 pterea
225 1938 488 2018 imparatinuncn
492 1947 622 2018 pantur.
631 1936 759 2000 idcirco
772 1937 805 1998 in
815 1936 1008 2000 definitione
1017 1939 1141 2003 dictum
1150 1955 1201 2006 est

117 2053 239 2097 causam
256 2037 414 2099 moralem
428 2036 585 2099 inducere
599 2036 640 2097 ad
655 2036 818 2114 agendum
831 2036 880 2098 vel
893 2035 990 2098 aliam
1002 2055 1131 2102 causam
1147 2043 1197 2105 vel

117 2136 204 2196 aliam
223 2138 403 2216 potentiam
417 2135 563 2217 eJusdem
579 2134 753 2215 suppositi.

115 2248 117 2252 ’
153 2236 241 2296 Patet
253 2253 292 2296 ex
309 2235 509 2311 his,causem
522 2234 680 2296 moralem
695 2231 854 2293 inducere
870 2235 1016 2311 possead
1033 2239 1198 2316 agendum

37 2369 38 2372 =
119 2335 338 2397 tantummodo
355 2352 467 2397 causas
480 2334 565 2408 illas,
577 2350 649 2413 que
661 2329 882 2410 cognoscendi
896 2329 1046 2395 facultate
1059 2335 1196 2414 pollent.

119 2431 188 2511 lljus
207 2432 296 2494 enim
324 2433 465 2496 efficacia
493 2450 560 2494 non
591 2431 778 2494 continetur
803 2430 947 2509 impulsu
975 2432 1122 2512 physico,
1140 2438 1197 2499 sed

119 2541 280 2595 exercetur
296 2532 331 2593 in
346 2535 430 2594 vires
446 2530 597 2612 physicas
624 2526 772 2601 alterius,
789 2527 954 2590 mediante
970 2530 1115 2610 eiusdem
1142 2553 1200 2597 co·

116 2628 271 2707 guntione.
321 2633 323 2636 ’

548 2828 711 2875 torrentes
733 2826 779 2873 ΙΙΙ.

551 2959 760 3022 Tlteoremuta.

155 3112 226 3178 tos.
257 3112 439 3177 Pnonosrrro
465 3111 491 3175 1.
524 3110 683 3192 Quidquid
711 3108 747 3170 in
771 3105 875 3189 effectu
888 3107 1080 3188 perfeetionis
1096 3125 1148 3187 est,
1165 3115 1203 3176 in

120 3231 208 3276 conso
222 3214 320 3295 ipsius
335 3214 497 3295 adoeqaote
507 3212 610 3293 aliquo
625 3210 713 3271 modo
725 3208 976 3290 precontinetnr.

160 3305 249 3373 natio
266 3320 313 3371 est
328 3309 512 3373 manifesta.
529 3307 630 3370 Nemo
646 3308 700 3369 dat
712 3306 799 3387 quod
818 3322 883 3367 non
902 3304 1010 3368 habet.

160 3407 317 3471 Perfectio
333 3418 442 3470 autem
456 3407 589 3469 effectus
612 3402 842 3486 praecontineri
858 3414 964 3484 potest
980 3406 1013 3465 in
1029 3422 1125 3467 causa
1141 3410 1201 3468 tri·

37 3555 38 3562 ,
125 3505 257 3584 pliciter.
753 3507 759 3512 ’

37 3575 38 3658 i
162 3604 190 3664 l⁰
205 3603 517 3685 Formuliter,.quum
536 3599 754 3682 perfectiones
770 3598 940 3680 utriusque
952 3615 1028 3662 sunt
1040 3603 1072 3663 iu
1089 3604 1202 3666 eadem

126 3703 239 3782 specie.
255 3704 309 3766 Sic
336 3704 370 3764 in
397 3702 486 3766 nube
516 3700 637 3782 pluvia,
656 3697 689 3759 in
716 3706 896 3761 atramento
922 3698 1203 3779 scripturaecolor

127 3803 315 3866 continetur.
976 3818 978 3821 ’

164 3900 513 3982 9⁰Emirtenter,qnum
544 3916 639 3961 causa
670 3896 871 3978 perfectione
901 3895 1003 3975 pollet
1026 3896 1203 3962 nobilioris

130 3999 258 4075 ordinis,
272 4018 330 4082 per
346 4016 443 4082 quam
460 3997 547 4060 idem
561 4006 689 4079 praestat
702 4007 733 4055 et
749 3991 847 4056 modo
859 3990 1101 4072 excellentiore,
1112 3997 1203 4076 quod

1028 4106 1052 4148 e.
