2792 4600
682 410 855 458 onroxocn.

674 544 805 611 CAPUT
827 544 864 608 V.

661 676 703 718 DE
735 629 877 719 Gdffsls.

576 841 582 847 ⁶
667 785 833 835 ensiculus
855 784 877 830 1.

531 880 676 945 Notionrs
689 883 841 963 principii
854 890 881 944 et
894 901 1005 946 cuusae.

262 996 334 1059 253.
359 995 565 1076 Principium
582 1009 629 1057 est
645 996 678 1057 id
694 1016 714 1057 a
728 1013 788 1076 quo
809 996 928 1076 aliquid
941 1014 1122 1078 quocunque
1135 999 1223 1061 modo
1236 1018 1310 1062 con-

218 1097 368 1175 sequitur.
392 1094 483 1168 Quod
512 1094 553 1156 ab
579 1094 645 1156 alio
670 1095 896 1174 consequitur,
922 1095 1150 1176 principiotum
1175 1097 1309 1162 dicitur.

221 1192 306 1255 ilinc
320 1193 359 1254 ed
377 1194 536 1256 rationem
553 1192 724 1273 principii,
742 1206 777 1254 ut
793 1212 831 1256 ex
846 1184 1039 1256 delinitione
1062 1202 1159 1276 patet,
1176 1194 1242 1259 duo
1257 1214 1311 1257 re-

220 1292 421 1372 quiruntur:
441 1293 471 1355 l⁰
486 1303 522 1354 nt
537 1292 626 1372 qnod
654 1292 858 1372 principium
884 1291 1006 1356 dicitur
1028 1292 1071 1354 sit
1085 1285 1195 1373 aliquo
1210 1294 1312 1357 modo

222 1392 312 1471 prius
337 1390 555 1471 principiato;
571 1390 605 1451 9⁰
620 1400 655 1453 ut
681 1392 734 1452 sit.
751 1392 838 1455 inter
863 1409 965 1454 unum
993 1400 1024 1455 et
1045 1393 1184 1455 alterum
1200 1392 1311 1474 alique

220 1488 464 1553 consecutionis
490 1489 664 1553 connexio.
686 1489 749 1552 Sed
777 1499 846 1553 tum
875 1491 1040 1571 prioritas,
1057 1500 1126 1554 turn
1149 1492 1313 1554 connexio

222 1589 292 1651 ltaec
308 1571 481 1668 nrultiplex
496 1588 691 1669 assignatur.

263 1685 336 1750 tut
360 1685 528 1750 connexio
543 1686 799 1763 consecutionis,
817 1695 852 1750 ut
867 1686 909 1749 eb
927 1687 988 1750 hoc
1003 1683 1173 1769 incipiam,
1190 1687 1313 1851 duplex

222 1804 293 1848 esse
309 1792 430 1867 potest;
442 1787 850 1850 extrinsecoetintrinseco.

264 1885 431 1949 Connexio
447 1886 626 1949 extrinsece
646 1885 836 1951 continetur
860 1884 1094 1948 consecutione
1109 1876 1198 1948 roera
1213 1885 1315 1949 unius

150 2044 152 2047 ,
222 1993 297 2066 post
311 1984 415 2049 aliud
433 1985 488 2050 Sxx
504 2003 621 2049 aurore
648 1986 770 2050 dicitur
790 2003 994 2066 principium
1009 1984 1087 2047 drex
1105 1984 1312 2066 Principium
1378 1995 1384 2001 '

224 2082 288 2145 hoc
300 2083 399 2145 modo
411 2101 486 2146 curn
499 2101 559 2146 suo
571 2083 770 2165 principiato
782 2100 965 2147 connexum
979 2082 1114 2165 proprie
1126 2083 1315 2165 appellatur

221 2181 362 2244 initium.

265 2280 433 2343 connexio
449 2280 625 2344 intrinseca
642 2279 854 2345 constituitur
870 2279 1009 2363 positivo
1024 2279 1151 2345 iniluxu
1165 2278 1265 2344 unius
1278 2280 1314 2343 in

123 2463 126 2468 ᾗ
221 2377 330 2456 eliud3
344 2380 400 2460 qui
418 2380 552 2461 quidem
570 2380 715 2444 influxus
729 2381 779 2443 vel
794 2382 829 2444 in
840 2381 947 2457 ordine
961 2382 1058 2463 lupico
1073 2382 1135 2458 est‚'
1145 2379 1195 2444 vel
1211 2382 1246 2444 in
1259 2399 1315 2443 or·
1381 2455 1382 2464 χ

222 2477 294 2538 dinc
304 2478 444 2557 physico.

265 2574 363 2637 listin
374 2575 492 2638 ordine
504 2578 610 2657 logico
623 2595 725 2659 quum
740 2594 843 2640 unum
856 2577 1077 2641 communicat
1088 2576 1181 2640 elteri
1194 2594 1317 2658 cogno·
1379 2603 1380 2630 i

222 2675 433 2738 scibilitatem
448 2685 482 2738 et
496 2677 710 2753 evidentiam
727 2695 794 2757 quo
820 2677 955 2758 quidem
984 2685 1132 2758 respectu
1148 2676 1318 2759 principie

224 2774 258 2837 in
272 2776 418 2838 scientiis
431 2795 661 2858 nuncupamus
672 2777 823 2840 veritates
835 2795 900 2852 ees,
914 2795 988 2857 quae
1000 2776 1033 2838 in
1046 2776 1185 2839 oliorum
1201 2777 1317 2858 cogni·

224 2872 348 2937 tionem
376 2876 555 2939 adducunt.
574 2875 609 2938 ln
631 2876 750 2938 ordine
765 2885 872 2940 autern
889 2875 1026 2957 physico
1042 2875 1191 2952 habetur,
1209 2893 1316 2956 quum

223 2990 328 3035 unum
344 2974 436 3036 elteri
455 2975 562 3055 ipsum
580 2994 650 3038 esse
665 2974 896 3039 communicat.
916 2975 1008 3051 Quod
1026 2975 1059 3036 iu
1082 2974 1180 3037 rebus
1195 2975 1318 3038 creatis

223 3068 259 3131 fit
275 3069 464 3151 dupliciter.
476 3071 589 3136 Unum
606 3073 695 3135 enim
722 3090 793 3135 esse
818 3073 1039 3136 communicat
1058 3072 1162 3144 alteri,
1178 3072 1228 3134 vel
1244 3073 1318 3138 tunss

128 3177 131 3184 '
220 3187 317 3250 quum
344 3189 422 3251 porc
457 3171 656 3235 constitution
687 3170 821 3233 ercutio
852 3171 988 3243 alteriue,
1019 3170 1069 3232 vel
1101 3178 1251 3251 tunquam
1279 3171 1320 3233 in
1360 3203 1361 3206 ¹

222 3266 349 3329 adeius
362 3269 592 3348 productionem
605 3270 750 3348 influent.
768 3267 900 3349 Triplex
926 3267 1025 3348 igitur
1050 3275 1098 3331 est
1119 3286 1221 3348 genus
1238 3269 1319 3332 illo-

224 3384 298 3428 rum
315 3367 556 3449 principiorum
573 3385 647 3449 quae
659 3367 837 3430 intrinsece
848 3384 923 3430 cum
936 3367 1005 3430 suis
1018 3366 1224 3448 principiatis
1236 3385 1322 3433 con·

224 3474 415 3543 nectuntur;
452 3467 604 3530 videlicet
640 3466 843 3548 principium
878 3467 1073 3549 copritionis,
1109 3467 1320 3549 principium

219 3566 351 3639 essendi,
372 3566 575 3648 principium
605 3567 767 3631 existendi.
799 3564 876 3639 Quae
905 3566 1016 3630 omnia
1045 3566 1235 3648 complexus
1267 3578 1320 3631 est

225 3664 427 3742 Aristoteles,
445 3684 547 3746 quum
564 3665 768 3746 principium
784 3666 959 3733 definivit
950 3684 958 3699 ·
973 3667 1006 3728 id
1020 3666 1103 3729 unde
1122 3667 1243 3750 aliquid
1256 3676 1318 3743 est,

221 3772 278 3824 out
291 3765 337 3842 fit,
353 3772 409 3826 out
422 3766 616 3845 concurritur
630 3767 681 3844 (t).

265 3861 338 3926 tut.
357 3862 514 3926 Prioritas
531 3880 595 3944 qua
612 3863 814 3947 principium
831 3882 898 3945 prae
915 3864 1111 3946 principiato
1122 3863 1252 3946 gaudet,
1268 3875 1319 3927 est

222 3958 355 4038 triplex
372 3957 453 4023 Nam
471 3960 673 4042 principium
702 3962 836 4044 proprie
862 3961 987 4025 dictum
1002 3972 1033 4025 et
1049 3963 1082 4025 in
1099 3961 1215 4025 ordine
1231 3960 1323 4043 phy·

254 4102 321 4161 (Ν
341 4105 430 4153 licto.
442 4106 462 4153 1.
