2792 4600
397 309 483 357 arcun
505 307 665 365 susurrone,
689 307 782 369 canni
804 307 824 350 1.
1128 287 1171 350 75

103 432 163 512 ipsa
175 425 359 492 substantiae
373 428 578 503 continetur3
591 426 739 504 adeoque
754 422 950 487 universalis
969 421 1110 487 maxime
1122 434 1173 482 est

103 539 129 593 et
141 531 276 606 diuinam
292 529 398 609 ipsam
413 526 623 606 amplectitur
636 526 865 601 substantiam,
882 543 955 607 quae
973 541 1047 586 vere
1064 541 1123 603 per
1137 540 1173 611 sc

103 629 142 694 esi
153 639 181 693 et
191 617 254 691 non
269 628 302 689 in
315 625 475 707 subjecto,
489 625 570 705 quin
583 633 691 706 tamen
703 623 764 685 ulli
777 624 820 686 sit
831 624 974 687 obnoxia
984 620 1174 685 mutationi.

103 727 312 795 Nihilominus
324 725 431 805 prima
443 723 592 786 definitio
604 721 643 784 ad
660 740 792 786 omnem
804 732 945 784 creatam
960 721 1177 785 substantiam

32 840 33 845 ’
106 826 286 909 seporrigit.

139 924 203 989 tte.
222 924 270 987 Ad
286 921 447 984 cavandus
462 922 675 1001 turpissimos
693 921 892 1000 pantheismi
910 937 1039 982 errores
1063 921 1181 982 sedulo

106 1021 270 1089 notandum
286 1020 367 1100 quid
384 1017 573 1101 importent
586 1020 643 1081 illa
659 1036 667 1082 :
682 1039 738 1100 por
750 1039 781 1081 se
794 1037 864 1095 esee,
881 1027 912 1081 et
934 1021 998 1081 atio
1019 1037 1084 1080 aon
1096 1019 1183 1107 indi-

103 1141 169 1206 perc,
184 1138 285 1201 quum
312 1119 354 1182 de
367 1118 551 1181 substantia
577 1118 747 1181 dicuntur.
775 1117 963 1181 Substantia
984 1128 1032 1180 est
1062 1135 1120 1198 per
1134 1137 1183 1190 se,

106 1236 211 1300 nempe
228 1217 491 1296 independenter
513 1216 553 1277 ab
567 1216 633 1278 aiio
649 1215 810 1295 subjecto,
826 1226 859 1278 et
880 1234 947 1279 non
963 1217 1086 1296 indiget
1105 1219 1185 1279 sub·

104 1321 180 1400 jecto
194 1323 229 1378 nt
243 1317 299 1379 sit.
313 1313 506 1377 Excluditur
519 1330 596 1393 ergo
609 1331 627 1373 a
639 1313 820 1375 substantia
833 1315 1053 1393 dependentia
1066 1313 1107 1374 ab
1119 1313 1187 1376 alio

106 1430 249 1498 tanquam
261 1432 280 1476 a
291 1415 439 1494 subjecto
451 1413 657 1482 inhesionis.
670 1430 737 1475 non
749 1431 826 1474 vero
838 1414 1057 1493 dependentia
1070 1416 1110 1478 ab
1122 1416 1189 1477 aiio

64 1575 67 1582 .
106 1530 249 1596 tanquam
266 1531 407 1577 accusa.
426 1511 685 1592 independeutia
707 1529 724 1572 a
741 1513 887 1591 subjecto
904 1506 1099 1576 inhaesionis
1113 1514 1192 1576 iacit

108 1624 138 1678 ut
149 1630 205 1677 xeus
215 1629 276 1693 per
290 1628 324 1674 se
339 1613 381 1672 sit
400 1627 407 1674 :
425 1609 683 1691 independeutia
699 1626 717 1671 a
731 1626 828 1671 causa
843 1610 921 1671 iacit
935 1619 1041 1674 utens
1055 1615 1098 1674 sit
1113 1631 1191 1676 ase.

108 1713 183 1775 iilud
195 1728 254 1773 ens
266 1718 315 1773 est
326 1710 437 1774 omnis
448 1708 715 1783 substantia‚boc
727 1718 775 1770 est
787 1709 997 1772 solummodo
1009 1711 1192 1772 substantia

110 1811 238 1873 intinita.
485 1808 489 1815 '

144 1909 415 1974 ibd.Pnoeos1rro
443 1908 500 1971 111.
525 1906 713 1970 Substantia
740 1908 810 1968 ideo
837 1908 924 1970 ctera
948 1919 990 1971 est
1015 1929 1051 1971 co
1065 1910 1196 1972 minime

39 2002 42 2007 ⁴
109 2008 281 2071 oneraria.
496 2062 502 2073 .

143 2106 299 2187 Sequitur
313 2126 352 2168 ex
365 2097 538 2185 hucusque
554 2105 651 2167 dictis
672 2107 705 2169 1⁰
719 2123 779 2168 nos
795 2105 902 2170 ideam
918 2106 1107 2169 substantiae
1124 2107 1193 2168 eia·

108 2220 170 2267 ram
185 2204 319 2268 babere.
336 2206 370 2269 si
387 2205 475 2266 enim
492 2208 579 2264 ctara
591 2221 660 2266 non
675 2218 772 2278 esset,
789 2203 1005 2266 substantiam
1018 2222 1092 2267 cum
1108 2205 1194 2268 aeci·

107 2305 196 2365 dente
220 2303 382 2367 confundi
399 2321 416 2366 a
431 2303 529 2365 nobis
544 2313 723 2382 oporteret.
737 2296 828 2365 'Cum
851 2305 940 2366 enim
955 2320 1052 2367 omne
1067 2323 1125 2367 ens
1140 2305 1192 2366 vei

107 2401 284 2464 substantia
295 2402 338 2464 sit
348 2403 397 2465 vel
410 2402 561 2464 accidens
586 2400 682 2493 (mi
697 2401 783 2463 nihil
795 2402 885 2464 aliud
898 2411 945 2493 est
957 2421 1102 2484 quocum
1114 2402 1194 2465 snb·

107 2500 217 2561 stantia
232 2500 395 2563 confundi
422 2499 537 2581 possit,
553 2499 618 2561 nisi
642 2499 806 2561 accidens.
828 2502 898 2563 tam
924 2502 1104 2581 quisdicat
1130 2519 1193 2565 nos

108 2596 306 2677 confundere
321 2615 395 2660 cum
411 2598 578 2660 accidente
593 2596 828 2659 substantiam?
843 2599 937 2661 Anne
950 2599 1112 2679 quispiam
1128 2610 1191 2675 est,

108 2694 158 2771 qui
184 2712 216 2756 v.
236 2705 289 2776 gr.
307 2695 541 2757 rotunditatem
570 2693 658 2755 dicat
686 2693 912 2768 substantiam,
936 2707 966 2758 et
996 2715 1112 2762 aurum
1135 2712 1192 2762 ant

109 2790 227 2870 iignum
243 2791 433 2855 affectiones
448 2790 680 2854 rotunditatis?

142 2888 302 2970 Sequitur
315 2891 348 2953 2⁰
367 2890 556 2976 substantiae
584 2892 754 2952 notionem
769 2890 941 2954 confictam
971 2898 1192 2964 antarbitra·

32 3021 33 3024 =
104 2988 188 3050 riam
206 3005 389 3062 neeesse,
420 2989 536 3049 sodex
560 2987 640 3067 ipsis
662 3004 773 3050 rerum
803 2991 929 3052 naturis
950 2991 1190 3077 depromptam.

108 3085 225 3164 Sponte
240 3088 332 3148 enim
348 3085 491 3167 exsurgit
507 3086 576 3147 baec
590 3084 683 3150 notio
698 3104 737 3148 ex
753 3089 880 3150 interna
895 3099 927 3151 et
948 3104 1077 3156 externa
1093 3116 1191 3179 expe÷

106 3179 233 3248 rientia.

144 3284 216 3349 idi.
240 3279 430 3348 Notandum
444 3291 553 3345 tamen
569 3284 602 3346 {⁰
618 3300 678 3345 nos
693 3300 890 3364 cognoscere
906 3288 1039 3368 quidem
1056 3293 1136 3374 quid
1150 3297 1196 3360 sit

107 3384 288 3448 substantia
317 3384 498 3447 universim
524 3393 556 3445 et
588 3400 648 3463 per
675 3384 919 3464 oppositionem
950 3389 990 3450 ad
1021 3392 1194 3476 accidens;

89 3465 243 3545 ‘minime
257 3491 369 3547 autem
391 3494 596 3563 compertum
621 3480 741 3543 habere
762 3482 842 3561 quid
865 3484 1096 3570 determinatas
1116 3492 1197 3555 sub·

106 3584 237 3645 stantiae
253 3584 434 3645 intrinsece
454 3582 631 3645 constituat
650 3595 658 3644 τ
676 3580 753 3643 latet
767 3583 855 3644 enim
876 3602 936 3648 nos
953 3588 1068 3650 intima
1084 3609 1198 3654 rernm

106 3684 246 3745 essentia
264 3683 339 3768 (dii).
358 3682 441 3745 ilino
456 3693 504 3743 est
525 3680 613 3761 quod
642 3680 839 3743 substantias
864 3685 905 3745 ab
922 3686 1062 3748 invicem
1078 3688 1195 3751 distin-

106 3779 237 3860 guimus
260 3798 328 3845 non
355 3798 415 3860 per
444 3780 640 3858 intrinsecas
663 3780 809 3859 ipsarum
825 3780 1038 3868 differentias,
1055 3786 1111 3848 sed
1141 3806 1203 3868 per

107 3878 298 3941 affectiones
313 3879 470 3960 ipsarum,
488 3894 611 3957 perque
626 3876 762 3941 effectus
777 3895 861 3958 quos
880 3881 1094 3962 percipimus.
1114 3883 1203 3957 Qua—

107 3976 259 4042 mobrem
293 3977 382 4050 idea,
412 3975 553 4056 cujusvis
590 3975 765 4069 peculiaris
795 3977 983 4041 substantiae
1014 3982 1207 4046 continetur

259 4090 468 4145 msrnnraonns,
489 4089 548 4131 ιιι.
569 4089 600 4131 ιι.
1036 4097 1052 4136 4
