2792 4600
157 361 199 425 ’18
627 352 801 404 onrutoutt.

155 493 267 567 Quum
285 485 386 567 igitur
404 481 445 544 de
473 470 654 541 substantia
676 470 870 551 cogitamus,
886 454 1013 539 aliquid
1044 454 1196 513 constans
1215 447 1250 504 et

156 608 260 656 unum
276 578 468 665 cogitamus,
481 578 563 640 licet
592 573 764 655 qualitates
788 566 853 627 sint
872 558 982 623 multae
1009 558 1040 614 et
1060 542 1249 611 variabiles.

125 761 130 772 ,
154 693 222 758 Nec
238 681 423 750 necessario
439 677 556 741 modos
569 672 779 740 attendimus,
793 679 894 745 quum
911 657 952 718 de
966 648 1145 717 substantia
1160 642 1246 722 cogi·

62 820 64 823 ·
156 800 282 860 tamus3
299 786 367 845 imo
395 793 569 859 possumus
584 767 799 836 substantiam
825 758 1000 836 concipere
1014 751 1049 812 in
1069 764 1133 828 qua
1148 741 1249 833 nullae

132 934 134 939 -
155 888 222 950 sint
237 883 420 964 qualitates,
438 886 474 939 ut
494 891 597 956 quum
624 864 839 933 substantiam
865 857 1010 920 divinam
1026 843 1248 925 concipimus.

197 985 292 1048 Errat
306 984 339 1046 2⁰
354 995 457 1060 quum
472 973 589 1036 asserit
609 968 804 1051 qualitatum
827 957 1010 1036 subjectum
1038 940 1213 1008 arbitrario
1221 941 1248 1000 'a

121 1076 124 1083 ’
156 1086 253 1149 nobis
268 1078 424 1160 supponi.
440 1075 489 1137 Ad
521 1075 583 1134 boo
605 1067 693 1144 enim
721 1065 791 1144 ipsa
813 1073 924 1121 rerum
950 1040 1170 1113 consideratio
1186 1054 1249 1101 nos

157 1184 291 1248 adducit
313 1180 409 1258 (ild).
435 1175 573 1253 lusuper
599 1165 765 1250 qualitatis
793 1158 885 1221 notio
913 1145 1071 1230 supponit
1097 1140 1130 1202 id
1158 1136 1248 1218 quod
1295 1131 1300 1138 ’

158 1284 247 1366 quale
261 1289 320 1341 est.
338 1280 475 1341 Domum
491 1271 517 1333 si
535 1268 707 1350 qualitates
728 1268 805 1324 sunt
819 1257 890 1318 sine
905 1248 1064 1329 subjecto,
1077 1241 1144 1321 jam
1167 1236 1250 1317 ipsae

128 1376 130 1381 ’
156 1399 215 1462 per
231 1398 265 1441 se
277 1385 364 1449 sunt,
382 1372 530 1449 adeoque
545 1374 621 1429 sunt
635 1360 773 1425 totidem
786 1349 987 1417 substantia.

199 1477 269 1540 tau.
287 1477 362 1539 Haec
377 1468 517 1534 buckins
532 1463 684 1546 opponit.
703 1459 728 1521 l.
745 1455 841 1519 Nulla
862 1447 1003 1514 sensatis
1031 1442 1137 1505 ideam
1154 1435 1266 1509 offert,

159 1574 358 1644 substantie,
376 1587 436 1631 nec
451 1565 584 1629 reflexio
600 1562 633 1624 in
649 1558 854 1623 sensationes
869 1566 937 1613 eam
953 1543 1071 1626 gignit,
1087 1539 1183 1617 Ergo.

199 1676 297 1752 Resp,
322 1674 353 1729 1ο
368 1663 494 1729 Exinde
519 1658 734 1740 consequitur
754 1655 874 1725 solum,
895 1646 1014 1708 falsum
1039 1656 1109 1701 esse
1134 1631 1248 1700 Lockii

59 1772 68 1791 ”
157 1781 297 1855 systema
309 1768 350 1829 de
362 1767 510 1828 idearum
522 1750 896 1839 origine300nsequitur
911 1743 1027 1807 essein
1038 1730 1250 1801 homineali·
1315 1782 1323 1799 ,

158 1869 241 1954 quid
253 1867 342 1931 aliud
351 1857 638 1945 praeterssentiandi
652 1873 688 1916 ac
697 1846 885 1916 reflectendi
894 1846 996 1919 vires3
1009 1834 1250 1901 etsensationes

158 1986 234 2032 cum
248 1964 331 2028 ideis
345 1979 412 2025 nou
425 1977 495 2022 esse
507 1950 756 2020 confundendas
766 1950 813 2026 tt.
826 1943 899 2020 460,
908 1940 994 2020 toa).
1008 1937 1084 2000 ldea
1096 1931 1249 1996 substan-

158 2071 211 2131 tiae
223 2064 365 2147 pertinet
377 2060 417 2122 nd
430 2057 646 2127 intellectum,
657 2049 715 2131 qui
729 2047 821 2110 illam
832 2043 981 2106 efformet
992 2034 1164 2113 occasione
1176 2026 1249 2092 sen·

159 2168 336 2237 sationum,
354 2176 456 2241 quurn
473 2157 508 2218 in
524 2170 637 2217 earum
656 2147 806 2230 obiectis,
824 2154 856 2207 et
876 2142 1000 2203 directa
1015 2132 1203 2215 cognitione
1218 2137 1253 2191 et

79 2326 82 2329 ,
160 2265 293 2340 reflexa,
308 2279 346 2325 ea
364 2255 506 2337 attingit,
521 2271 594 2335 quae
609 2252 679 2333 ipsa
692 2247 783 2312 solus
795 2249 901 2327 potest
916 2251 1124 2319 cognoscere.

200 2363 293 2429 Unde
313 2375 400 2439 resp.
417 2354 546 2420 anuto.
565 2355 604 2415 1ιιι
623 2358 744 2431 portem
764 2352 830 2409 unt.
847 2339 995 2406 Sensatio
1012 2351 1106 2417 pura,
1130 2340 1250 2404 trous„-

159 2463 301 2527 sensatio
316 2475 391 2521 cum
405 2450 620 2517 intellectuali
636 2443 825 2528 cognitione
840 2441 1025 2520 conjuncta,
1037 2444 1125 2514 nepo.

201 2559 310 2625 Simili
326 2557 425 2621 modo
440 2554 510 2617 dist.
530 2551 572 2613 2¹¹¹
584 2556 669 2631 pust.
690 2544 835 2611 Ressexio
854 2543 889 2604 in
918 2535 1119 2601 sensationes
1139 2537 1250 2612 puras,

157 2680 262 2735 conc.;
278 2659 311 2720 iu
329 2657 417 2721 ideas
433 2654 588 2716 formatas
603 2648 776 2712 occasione
788 2640 1024 2711 sensationum,
1036 2652 1126 2715 nequ.

203 2758 271 2821 toa.
296 2746 357 2819 Ob.
388 2752 428 2817 ll.
452 2751 488 2813 ld
516 2748 604 2829 quod
634 2746 707 2807 idea
737 2738 926 2806 substantiae
954 2734 1139 2807 exhibetur,
1163 2726 1251 2792 nihil

159 2858 251 2924 aliud
273 2870 384 2917 revera
406 2858 454 2913 est
476 2862 576 2929 quam
591 2842 761 2924 congeries
783 2839 977 2921 qualitatum
998 2835 1107 2913 ignota
1124 2817 1254 2893 ratione

157 2951 421 3021 coexistentium.
445 2931 666 3026 Ergo'praeter
696 2939 785 3001 ideas
819 2932 1027 3017 qualitatum,
1048 2930 1134 2994 nibil
1160 2926 1251 2990 aliud

123 3115 125 3121 .
157 3053 306 3120 continet
322 3050 394 3112 idea
409 3043 612 3110 substantia.

201 3157 299 3232 Rasp.
329 3149 406 3228 Nep.
431 3154 544 3220 totum,
570 3146 602 3204 et
630 3136 770 3203 Loclius
799 3135 870 3217 ipse
895 3132 959 3196 boc
990 3129 1163 3194 nobiscum
1193 3144 1251 3190 ne·

160 3249 423 3412 ‘attilifsslfflll
440 3342 563 3405 Saltem
589 3334 757 3398 latendum
773 3339 833 3408 est,
850 3329 938 3410 qll⁰d
960 3345 1064 3410 quum
1079 3327 1253 3409 qualitates

161 3449 239 3511 istas
268 3444 462 3525 respicimus
490 3446 526 3500 ut
555 3435 701 3514 subjecto
729 3432 944 3506 inhaerentes,
969 3430 1038 3492 baec
1066 3427 1253 3509 suppositio
1320 3449 1323 3454 >

158 3545 300 3629 gratuita
311 3552 360 3605 est
371 3549 403 3602 et
413 3536 567 3602 absurda.
581 3531 747 3605 Quidnam
760 3530 849 3591 enim
863 3528 905 3591 sit
918 3530 981 3591 boc
992 3527 1251 3590 sustentaculum

161 3648 259 3729 plane
277 3643 480 3722 ignoramus.
498 3665 500 3670 v
959 3664 967 3669 -

203 3745 301 3823 Resp.
317 3741 393 3820 Nep.
411 3744 478 3800 unt.
494 3734 543 3801 Ad
561 3731 656 3814 prob.
673 3730 749 3793 Dist.
767 3728 958 3809 Ignoramus
974 3726 1054 3808 quid
1069 3726 1135 3789 sint
1151 3725 1252 3807 parti·

158 3844 288 3909 culares
299 3835 629 3909 substautiae,truns.;
643 3828 725 3910 quid
737 3829 781 3891 sit
792 3826 974 3889 substantia
986 3827 1021 3888 in
1032 3842 1162 3905 genere,
1175 3843 1254 3905 nequ

177 3935 410 4015 tul‚156‚1⁰.
528 3943 530 3946 ’

162 3950 183 4078 (-
204 4041 284 4103 lnst.
300 3938 397 4114 Ergit)
408 4033 477 4094 haec
499 4029 601 4104 notio,
618 4044 693 4091 cum
717 4024 968 4089 indeterminata
982 4025 1035 4102 sit,
1049 4020 1252 4115 estlinutilis.
