2792 4600
453 292 539 336 cicun
560 292 695 350 nennius,
719 292 811 337 carun
833 292 854 337 t.
916 351 919 358 Ι
951 328 954 334 .
1140 275 1201 338 369

110 403 304 486 Quanquam
320 414 427 469 autem
444 406 528 468 inter
541 424 714 487 corporeas
726 406 810 470 vires
826 408 915 472 nulla
932 408 1114 489 reperiatur
1127 426 1200 490 qua

16 559 19 572 ,
109 503 151 564 ad
168 506 232 567 hoc
248 506 367 567 idonea
382 507 432 580 sit,
451 507 660 585 omnipotens
673 515 761 569 certe
773 508 876 570 virtus
894 508 996 571 nullis
1010 526 1121 572 rerum
1136 528 1153 571 a
1166 528 1200 572 se

108 602 320 665 conditarum
336 604 464 665 viribus
483 613 671 684 potestesse
689 604 839 669 interior.

151 702 225 766 559.
241 701 289 763 Ad
308 702 376 763 lraec
392 718 400 766 :
418 702 503 764 Deus
516 702 690 764 relationes
704 703 867 769 naturales
882 704 980 766 unius
991 705 1041 767 vel
1057 704 1200 769 duorum

106 817 288 881 corporum
315 799 355 862 ad
378 808 503 863 certum
527 799 636 862 locum
661 799 858 882 abrumpere
879 811 994 881 potest,
1013 812 1048 865 ut
1064 803 1199 867 manile·

105 908 196 965 stum
214 910 272 962 est.
291 898 352 970 Qut
370 898 460 962 enim
477 899 540 962 hoc
555 910 661 978 negat,
681 899 708 961 is
731 906 825 980 negat
840 917 1032 978 corpoream
1050 911 1199 964 naturam

104 999 329 1078 omnipotenti
345 999 501 1061 voluntati
520 997 690 1060 'subditam
711 1018 793 1063 esse.
809 998 927 1078 Ambig
941 999 1050 1060 ndum
1067 1018 1200 1080 quoque

106 1113 248 1172 nonest,
267 1097 369 1160 Deum
397 1097 526 1160 duobus
549 1096 746 1177 corporibus
772 1098 966 1160 relationem
996 1098 1144 1160 eamdem
1160 1098 1199 1159 ad

103 1195 262 1257 eumdem
275 1195 383 1259 locum
398 1213 492 1277 posse
505 1194 663 1258 tribuere.
697 1195 764 1260 Hoc
786 1205 893 1259 autem
913 1195 940 1258 si
958 1195 1064 1271 iaciat,
1081 1215 1202 1277 corpus

105 1303 287 1373 utrumque
300 1295 366 1372 jam
379 1294 412 1355 in
429 1293 543 1357 eodem
557 1294 631 1357 loco
647 1293 711 1355 erit
727 1294 822 1372 (551).

151 1393 252 1473 lgitur
268 1409 334 1455 non
351 1400 520 1472 repugnat,
535 1392 576 1455 ab
592 1408 660 1455 uuo
676 1409 817 1471 corpore
841 1392 978 1454 alterum
1001 1411 1132 1473 corpuS,
1154 1394 1201 1456 vel

104 1490 151 1552 ab
164 1508 229 1553 una
239 1498 348 1553 atomo
356 1489 648 1552 alterumatomum
665 1489 828 1569 penetrari
840 1508 848 1566 ;
859 1508 924 1553 uon
933 1489 1068 1572 quidem
1084 1491 1202 1555 virtute

105 1589 258 1668 ipsorum
274 1605 451 1668 corporum
467 1595 521 1649 aut
537 1595 739 1662 atomorum,
758 1586 813 1649 sed
829 1586 947 1650 virtute
963 1587 1086 1650 divina.

149 1686 223 1751 560.
240 1686 286 1748 Ex
301 1686 398 1748 dictis
414 1686 561 1766 colliges⁸

151 1784 290 1848 l⁰Posse
303 1784 463 1847 divinitus
473 1802 575 1847 unum
584 1802 706 1864 corpus
719 1784 858 1847 alterum
874 1780 941 1847 sibi¹
947 1784 1202 1866 impenetrabile

104 1895 321 1958 transmeare,
339 1883 420 1964 quin
441 1883 591 1947 hocloco
609 1882 713 1945 cedat.
1008 1886 1010 1889 ‘

149 1983 184 2047 2⁰
200 1983 295 2048 Binas
308 1992 362 2045 aut
378 1984 488 2064 plures
504 1983 651 2065 ejusdem
667 1980 817 2063 corporis
831 1991 936 2062 partes
946 1983 979 2044 in
993 2000 1060 2046 uno
1071 1981 1200 2047 eodem·
1249 2043 1252 2049 .

106 2099 176 2163 que
188 2084 260 2147 loeo
271 2083 381 2145 divina
397 2083 519 2165 pariter
532 2083 651 2146 virtute
664 2100 758 2163 posse
770 2082 937 2146 constitui.
1022 2091 1023 2094 ’

149 2184 184 2248 5⁰
199 2182 316 2246 Totum
328 2181 466 2263 proinde
482 2200 601 2262 corpus
616 2180 649 2243 in
666 2181 784 2260 exiguo
801 2180 906 2261 spatio
920 2178 1074 2244 collocari
1092 2198 1200 2261 posse.

103 2279 201 2354 Quod
215 2282 290 2344 licet
305 2272 512 2345 uehementer
528 2282 650 2344 mirum
665 2281 718 2356 sit,
737 2279 846 2344 miuus
862 2287 970 2342 tamen
987 2278 1122 2343 sortasse
1137 2279 1199 2342 mi·

104 2380 235 2456 rabere,
253 2381 280 2442 si
297 2381 455 2461 recogites
472 2399 570 2461 quam
592 2379 738 2460 ingentia
750 2396 900 2459 corpora,
921 2378 1101 2459 quantique
1115 2379 1204 2442 loco·
1285 2416 1287 2419 -

105 2498 184 2542 rum
200 2480 364 2542 tractusin
378 2498 443 2545 uuo
455 2481 568 2543 retineo
582 2487 703 2560 puncto
717 2477 964 2564 distinctissime
972 2478 1115 2558 expressi
1124 2494 1202 2541 con·

17 2604 22 2621 ·
105 2579 288 2643 tineantur.

16 2742 17 2751 ,
148 2675 184 2739 4⁰
205 2678 276 2742 Non
294 2685 400 2739 tamen
418 2694 475 2756 per
491 2676 555 2738 hoc
569 2694 690 2756 corpus
707 2675 931 2737 extensionem
947 2681 1020 2756 quae
1036 2681 1084 2736 est
1096 2675 1129 2735 in
1146 2692 1203 2738 or·

106 2775 188 2838 dine
204 2776 243 2837 ad
261 2795 307 2853 se,
324 2784 355 2838 ct
370 2793 441 2838 eam
468 2792 540 2855 quae
561 2772 788 2854 aptitudiualis
805 2772 925 2834 dicitur
947 2771 1030 2850 (145,
1046 2773 1097 2848 2⁰;
1117 2770 1201 2850 144).

16 2930 19 2939 .
103 2868 1201 2939 amissurum.Amitteretenimsolummodoextensionenrlocalem

14 2952 19 3039 :'
106 2971 469 3050 accusarenturtp.

14 3142 17 3151 ¹
149 3071 184 3133 5⁰
199 3071 283 3132 llinc
298 3071 452 3145 deduces,
467 3069 555 3151 quod
569 3069 731 3131 catholica
743 3069 837 3131 docet
850 3058 1074 3142 iides,'Christi
1085 3083 1203 3147 nempe

14 3158 17 3169 ¹
105 3190 230 3253 corpus
246 3182 349 3236 totum
366 3192 437 3235 esse
453 3173 550 3234 etiam
570 3171 631 3234 suh
647 3171 762 3252 exigua
778 3169 1062 3233 sacramentalium
1077 3167 1202 3250 specie·

104 3289 183 3333 rum
197 3272 368 3352 particula,
388 3271 420 3333 id
435 3272 622 3334 nullatenns
639 3289 749 3333 rerum
767 3268 917 3333 essentiis
932 3285 1128 3348 repugnare.

150 3370 184 3434 6ο
207 3370 343 3433 Domum
359 3370 538 3451 perspicies
551 3370 776 3433 extensionem
792 3367 930 3432 localem
946 3367 1116 3440 actualem,
1127 3363 1204 3427 licet

106 3469 243 3548 corpori
258 3469 415 3531 naturalis
431 3469 484 3547 sit,
502 3469 709 3532 essentialem
727 3486 792 3531 non
809 3485 891 3543 esse,
909 3484 969 3529 nec
980 3464 1202 3546 acorporibus

108 3558 364 3647 inseparabilem
381 3566 476 3646 (147).
758 3561 765 3570 ’
1123 3567 1125 3573 ’

495 3793 498 3797 .
555 3718 720 3764 anniculus
735 3721 765 3762 v.

307 3887 310 3893 .
358 3900 362 3905 ,
386 3914 388 3918 Ι
412 3831 899 3914 Decorporummultilocott'ooe.

151 3962 224 4027 561.
248 3964 476 4042 Multilocatio,
502 3984 574 4047 quae
601 3967 698 4032 etiam
714 3965 885 4046 replicatio
901 3962 967 4027 dici
984 3961 1080 4038 solet,
1097 3968 1144 4025 ost
1158 3960 1204 4022 si·
