2792 4600
196 308 245 368 ³38
657 322 827 367 ourutoctx.
936 369 939 373 ,

199 428 1289 518 intrinseceimpossibilissunt‚‘possetaliquandoefficere‚utu0u

204 543 400 615 repugnaret
429 535 572 614 amplius
600 536 700 597 [teum
729 552 796 596 non
823 553 904 609 esse,
936 545 991 598 ant
1021 536 1122 599 [lenm
1145 535 1289 611 destrni3

196 653 240 695 *ac
271 644 441 713 propterea
468 635 678 715 semetipsum
704 634 890 698 annihilare
907 645 1031 715 posset;
1058 654 1095 697 ac
1110 636 1290 715 generatim

202 731 333 795 efficere
349 733 574 812 utaliquando
590 750 655 797 non
672 743 868 812 repugnaret
880 733 968 795 idem
984 734 1083 796 simul
1095 752 1166 796 esse
1180 743 1290 795 elnon

202 849 287 892 esse.
303 832 372 905 Quo
386 835 485 893 semel
500 833 619 912 posito,
635 850 700 893 non
715 832 813 894 modo
825 833 987 894 certitudo
1000 833 1039 894 de
1052 832 1107 894 Dei
1122 832 1292 895 existentia

200 948 241 993 ac
272 932 427 1010 potentia,
445 932 502 994 sed
517 932 625 993 omnis
655 933 793 994 omnino
807 932 970 994 certitudo
996 932 1073 994 ruit.
1091 934 1172 995 Cum
1200 932 1290 993 enim

204 1029 345 1091 liberem
376 1030 431 1092 oet
452 1031 651 1093 voluntatem
680 1048 778 1092 nomo
799 1031 994 1109 perscrutari
1023 1029 1135 1104 valeat,
1162 1047 1292 1110 semper

204 1129 440 1209 ambigendum
467 1140 562 1205 esset,
586 1148 663 1191 num
691 1130 774 1192 forte
795 1130 918 1193 veritati
944 1129 1098 1209 principii
1125 1128 1293 1196 contradi·

205 1226 326 1289 ctiouis
353 1227 461 1306 aliqua
482 1227 648 1306 derogatio
672 1227 753 1289 factu
776 1236 870 1290 esset.
886 1229 956 1291 lam
983 1225 1062 1307 quid
1084 1228 1225 1307 amplius
1251 1226 1296 1303 ad¹

204 1326 450 1403 scepticismum
463 1313 627 1405 requiras!

249 1423 299 1486 tt.
317 1424 496 1486 Pnonostrto
512 1424 576 1487 Vll.
595 1424 766 1486 intrinseca
779 1424 962 1504 possibilitas
976 1433 1003 1485 et
1013 1424 1240 1504 impossibiliter
1253 1442 1294 1487 ex

202 1521 280 1599 ipsit
294 1540 397 1582 rerum
412 1522 546 1582 essentiis
560 1522 695 1602 emergit.
1159 1580 1162 1584 ,

247 1618 326 1680 Nam
345 1620 545 1699 possibilitas
559 1621 626 1682 brec
639 1629 704 1681 tota
716 1619 904 1681 continetur
915 1618 1133 1682 sociabilitate
1145 1617 1293 1681 idearum

203 1718 349 1778 diversas
378 1719 529 1780 entitates
556 1717 797 1780 exhibentium.
814 1718 878 1780 Cur
906 1726 1013 1779 eutem
1036 1716 1185 1797 quaedam
1212 1716 1294 1780 ideae

204 1817 379 1879 sociabiles
394 1819 554 1879 existunt?
570 1817 719 1880 Profecto
732 1816 810 1896 quia
825 1816 975 1877 entitatos
987 1834 1067 1896 quas
1080 1818 1159 1895 ipsae
1172 1832 1293 1895 reprae·

204 1924 345 1990 sentent,
363 1917 487 1981 suntid
503 1916 590 1996 quod
611 1923 703 1990 sunt;
720 1917 747 1976 si
764 1915 852 1976 eninr
871 1915 965 1976 aliter
980 1934 1014 1977 se
1031 1915 1199 1989 heberent,
1216 1933 1293 1996 pos-

205 2023 279 2074 sent
291 2013 500 2075 insociabiles
513 2032 594 2075 esse.
608 2000 693 2092 Ergo
706 2013 834 2074 interna
847 2011 1049 2092 possibilitas
1060 2022 1092 2075 ct
1103 2013 1294 2093 impossibi-

206 2113 278 2171 litas
304 2129 477 2172 exterum
506 2114 656 2173 essentiis
686 2111 844 2172 dimanat.
861 2109 902 2173 Ut
924 2111 1075 2191 exemplu
1101 2122 1184 2184 utar,
1205 2113 1293 2173 unde

204 2212 349 2290 exsurgit
365 2210 566 2289 possibilitas
581 2210 696 2272 circuli
715 2209 827 2271 aurei?
842 2208 925 2270 Sane
941 2228 980 2270 ex
995 2226 1034 2272 eo
1049 2210 1138 2289 quod
1153 2211 1294 2272 essentia

203 2312 321 2374 circuli
337 2310 422 2372 nibil
441 2310 537 2371 babet
560 2312 649 2390 quod
672 2310 822 2371 excludat
838 2327 908 2370 esse
923 2326 1071 2371 aureum.
1088 2309 1113 2372 Ε
1128 2311 1293 2372 contrario

204 2409 286 2488 quid
316 2408 473 2487 estquod
496 2407 571 2470 lacit
598 2408 714 2470 circuli
736 2407 887 2488 quadrati
908 2406 1177 2487 repugnantiam?
1200 2406 1292 2469 Nihil

203 2507 295 2568 aliud
318 2523 416 2586 quam
434 2506 508 2579 boe,
527 2507 615 2586 quod
637 2507 782 2569 circulus
807 2515 854 2568 est
874 2507 1030 2581 circulus,
1047 2513 1079 2567 et
1096 2506 1291 2586 quadratum

203 2616 253 2668 est
269 2604 476 2684 quadratum.

248 2703 299 2766 78.
324 2704 525 2767 Concutiunt.
548 2702 793 2765 reprenditur
819 2703 987 2765 intrinseca
1010 2703 1208 2766 immutabilia
1235 2711 1289 2765 eet.

203 2801 284 2864 Nam
315 2819 389 2863 cum
410 2802 560 2869 essentie
582 2800 649 2862 siut
677 2800 899 2862 immutabiles
921 2800 994 2878 tot),
1017 2818 1130 2863 earum
1158 2819 1292 2882 quoque

203 2898 380 2962 relationes
394 2899 478 2961 inter
494 2917 527 2959 se
541 2898 764 2960 immutabiles
776 2897 842 2959 sint
856 2906 996 2978 oportet.

245 2998 287 3059 2⁰³
310 2997 366 3059 Est
377 3006 502 3073 clena,
519 2998 597 3076 quie
613 3015 731 3077 nempe
746 2997 894 3059 essentie
905 3006 982 3059 sunt
992 3007 1121 3060 aeternae
1134 2997 1208 3076 (db).

243 3099 285 3161 ΖΝ
300 3096 355 3158 Est
372 3097 552 3157 necesaria.
565 3094 645 3157 Nam
661 3114 727 3157 non
745 3098 865 3176 pendet
879 3113 897 3156 a
912 3095 1010 3158 rebus
1025 3096 1291 3176 contingentibus

202 3195 279 3275 (Ὠ),
297 3213 357 3257 nec
372 3213 390 3255 a
406 3194 509 3255 libera
525 3194 681 3257 creatoris
697 3194 873 3257 voluntate.
1027 3198 1029 3203 “

247 3295 288 3358 4¹⁰
305 3294 361 3355 Est
380 3295 557 3354 incrementi
575 3312 612 3355 uc
637 3293 815 3355 decrementi
832 3292 1045 3372 receptent
1063 3293 1127 3354 hoe
1151 3291 1241 3356 enim
1256 3300 1292 3356 ut

205 3393 442 3453 incrementum
459 3391 632 3468 acciperet,
650 3407 781 3451 necesse
796 3389 879 3451 foret
894 3389 1038 3468 aliquam
1051 3406 1168 3451 novam
1183 3407 1292 3452 essen·

203 3490 283 3551 tiam
303 3503 475 3563 exsurgere
491 3485 571 3562 (77l3
587 3486 620 3546 id
636 3487 725 3564 quod
747 3485 815 3548 lieri
844 3486 956 3565 nequit
972 3503 1047 3548 oum
1061 3486 1210 3549 essentiae
1225 3489 1293 3550 sint

202 3597 345 3651 aeternae.
355 3584 394 3648 Ut
408 3601 483 3647 vero
496 3585 741 3647 decrementum
753 3585 890 3659 subiret,
900 3602 1031 3647 neeesse
1043 3596 1169 3648 essetut
1180 3585 1292 3667 eliqua

201 3685 344 3750 essentia
360 3693 559 3757 meleretum
574 3683 607 3744 id
623 3687 712 3763 quod
729 3682 851 3763 pariter
864 3682 1071 3762 impossibile
1086 3690 1135 3745 est
1149 3682 1211 3760 (50,
1223 3685 1289 3762 el).

245 3784 296 3850 to.
317 3782 485 3863 Objioiunt
503 3783 528 3845 l.
547 3781 579 3842 l⁰
594 3782 755 3844 Possibile
770 3792 818 3843 est
833 3784 921 3860 quod
940 3792 1045 3862 potest
1059 3783 1208 3846 existere.
1224 3784 1290 3847 Sed

202 3885 288 3948 nibil
302 3892 408 3962 potest
421 3882 569 3955 existere,
587 3880 651 3942 nisi
666 3898 723 3959 per
735 3881 880 3942 divinem
897 3881 1088 3960 potentiam.
1105 3882 1190 3962 Ergo
1203 3884 1290 3945 nibil

198 3993 249 4049 est
264 3981 433 4065 possibile,
450 3980 513 4043 nisi
531 3998 591 4060 per
604 3979 749 4042 divinam
766 3979 957 4061 potentiam.
1010 4043 1016 4048 ,
