2792 4600
132 375 135 382 .
150 318 198 380 „36
614 330 784 375 ouaococn.

154 451 259 533 paulo
281 458 355 511 ante
381 448 576 513 affirmatum
604 455 652 509 est
678 424 762 523 (6813
779 445 934 508 videlicet
961 443 1132 525 possibilia
1157 460 1249 506 suam
1295 514 1298 519 ,

156 548 379 610 actualitatem
406 547 552 607 nancisci
580 562 646 607 con
663 560 760 624 possa
782 544 847 605 nisi
864 544 897 604 in
925 542 1113 616 intellectu3
1130 559 1248 621 neque,

161 644 249 723 qnod
268 644 301 705 in
319 642 446 723 Logicoe
461 642 606 706 exordiis
622 642 807 717 statuimus,
818 660 887 703 esse
904 641 993 703 ideas
1009 638 1161 725 factitias,
1171 658 1251 720 quas

159 744 346 806 intellectus
361 741 425 803 sibi
443 742 573 813 iorrnat,
591 742 688 801 etiam
704 740 745 800 ad
761 739 935 801 arbitrium
952 739 997 815 (L.
1015 737 1078 815 dd).
1096 736 1167 800 Non
1185 738 1253 801 baec

162 840 318 913 dicimus,
346 841 403 904 sed
436 842 497 902 boc
527 857 643 916 unum,
671 839 824 903 videlicet
852 838 892 900 ab
920 837 1086 898 intellectu
1114 835 1252 899 minime

164 941 321 1021 pendero,
339 949 375 1002 ut
390 939 539 1021 quaedam
568 939 649 1000 ideae
663 939 750 1000 inter
776 957 810 999 se
836 937 989 1010 babeant,
1010 935 1158 1016 quaedam
1185 954 1252 999 non

164 1038 307 1102 habeant
337 1038 607 1119 repugnantiam
636 1038 679 1099 ita
710 1046 745 1099 ut
770 1037 836 1099 iile
867 1037 901 1097 in
927 1053 1031 1098 unum
1058 1043 1253 1116 conceptum

165 1138 322 1217 componi
349 1145 522 1217 nequeant,
540 1136 590 1197 bae
605 1153 681 1198 vero
710 1134 847 1214 possint.
864 1134 933 1197 Hoc
956 1142 1065 1197 autem
1085 1141 1133 1196 est
1158 1134 1254 1214 plane

167 1236 404 1299 manifestum:
433 1236 618 1298 intellectus
646 1236 735 1296 enim
763 1233 983 1314 apprehendit
1010 1234 1125 1313 utique
1149 1233 1254 1295 socia·

132 1336 138 1348 '
166 1333 329 1397 bilitatem
356 1333 404 1394 vei
439 1332 688 1413 repugnantiam
724 1331 872 1394 idearum
904 1333 949 1409 (L.
973 1331 1041 1409 bt),
1073 1331 1130 1393 sed
1164 1330 1254 1393 iilam

167 1449 236 1497 non
254 1431 344 1507 iecit,
363 1433 431 1494 baec
447 1434 537 1495 onim
554 1432 672 1512 pendet
700 1430 740 1491 ab
768 1430 872 1511 ipsius
899 1430 980 1492 ideae
995 1429 1186 1492 conditione
1208 1440 1255 1491 at·
1274 1451 1277 1457 ·

168 1550 234 1612 qua
250 1534 433 1597 elementis.
450 1533 544 1599 Unde
570 1533 666 1596 etiarn
683 1549 786 1613 quum
802 1530 842 1595 ad
871 1529 1043 1592 arbitrium
1059 1528 1255 1593 ideasfacti·

168 1631 230 1691 tias
256 1632 380 1713 effingit
406 1633 602 1706 intellectus,
621 1633 700 1696 huic
726 1650 850 1696 normae
873 1629 1057 1694 necessario
1083 1627 1257 1710 subjicitur

168 1730 216 1806 (L.
233 1730 297 1808 dd).

211 1828 262 1894 tt.
288 1829 468 1896 Prorostrto
493 1833 545 1896 VI.
568 1832 742 1896 intrinseco
770 1833 956 1914 possibiliter
985 1832 1173 1893 admittenda
1200 1838 1254 1904 ost,

167 1947 235 2009 pure
250 1949 303 1989 nec
317 1949 337 1991 a
348 1932 486 2010 potentio
501 1952 554 1995 neo
569 1952 588 1994 a
603 1935 760 1995 voluntate
776 1934 828 1994 dei
843 1933 993 2012 oripinom
1008 1931 1111 1993 deccat.

212 2027 321 2090 Prima
347 2030 496 2109 opinioa
522 2032 721 2112 quibusdam
747 2031 952 2093 scholasticis
978 2033 1103 2092 invecta
1119 2028 1192 2102 fuit,
1209 2029 1256 2089 ai-

169 2135 237 2187 tera
254 2145 271 2187 a
287 2127 446 2192 Cartcsio.
464 2130 515 2190 iiii
539 2148 614 2193 curn
631 2131 844 2193 intrinsecam
871 2129 1123 2210 possibilitatem
1138 2128 1178 2190 ab
1205 2145 1258 2190 ex·

168 2226 310 2304 trinseca
338 2234 404 2290 non
432 2227 682 2310 distinguerent,
707 2239 806 2292 totam
834 2248 907 2311 quae
933 2230 967 2291 in
995 2228 1094 2291 rebus
1120 2235 1166 2290 eat
1192 2228 1256 2290 exi·

168 2323 278 2386 stendi
293 2326 514 2407 „capacitatem
530 2347 548 2389 a
563 2346 659 2391 causa
684 2329 884 2408 repetebant,
903 2330 947 2391 ita
962 2337 997 2391 ut
1012 2328 1138 2409 aliquid
1154 2346 1193 2389 ex
1218 2345 1257 2390 eo

168 2424 276 2485 solum
293 2425 452 2504 possibile
468 2426 626 2502 dicerent,
643 2427 721 2506 quia
738 2428 821 2490 [icus
838 2427 920 2491 illud
942 2427 1121 2508 producere
1139 2434 1254 2507 potest.

212 2522 380 2586 Cartesius
402 2542 477 2587 vero
504 2526 709 2599 existimavit,
729 2526 976 2605 possibilitatem
990 2537 1122 2588 cinnam
1146 2535 1179 2588 et
1193 2527 1257 2586 im·

169 2619 422 2699 possibilitatem
440 2619 544 2686 libera
554 2624 612 2686 Dei
629 2624 794 2687 voluntate
807 2624 1036 2701 determinari;
1052 2624 1134 2687 adeo
1149 2631 1184 2686 ut
1195 2623 1255 2683 aii-

168 2717 251 2797 quid
269 2721 426 2800 possibile
439 2722 492 2797 sit,
502 2725 578 2804 quia
593 2723 679 2785 [teus
694 2723 742 2786 sic
753 2723 867 2797 voluit,
878 2722 1085 2804 impossibiie
1096 2722 1254 2795 imarum,

168 2815 198 2877 ai
214 2818 309 2880 alitor
324 2808 488 2883 voluisset}
999 2843 1010 2854 ·

212 2916 263 2981 ta.
288 2918 458 2983 Reiutatur
473 2918 579 3000 prima
593 2921 721 3001 opinio.

213 3016 246 3107 ¹.⁰
260 3017 292 3078 Si
312 3018 406 3080 unica
423 3020 506 3081 ratio
522 3037 581 3082 cur
595 3021 720 3100 aliquid
738 3020 896 3101 possibile
914 3019 1099 3083 babendum
1116 3019 1169 3092 sit,
1187 3017 1257 3080 baec
1290 3009 1294 3015 ’

167 3121 230 3189 est,
245 3116 323 3195 quio
339 3115 419 3178 Deua
443 3118 523 3179 illud
544 3120 710 3198 producere
733 3128 837 3199 potest,
855 3136 933 3181 sano
958 3118 1054 3180 unica
1080 3118 1175 3191 ratio,
1192 3134 1256 3196 qua

167 3211 296 3293 aliquid
326 3215 531 3295 impossibile
557 3228 616 3292 est,
636 3216 706 3279 haec
731 3226 825 3293 esset,
841 3218 917 3297 quio
940 3216 1021 3279 Deua
1046 3217 1126 3279 tuot
1147 3218 1258 3298 efficere

167 3330 234 3373 non
246 3322 350 3393 potest.
368 3313 534 3378 Nimirum
558 3315 707 3395 quaedam
725 3325 831 3378 essent
847 3304 1078 3397 impossibilia,
1095 3316 1256 3397 nunquia

167 3412 290 3473 divioae
306 3414 444 3478 actionis
460 3415 619 3477 terminus
631 3433 702 3477 esse
715 3425 894 3497 nequeunt,
912 3416 966 3478 scd
984 3417 1062 3497 quia
1077 3415 1187 3478 divina
1199 3433 1255 3496 po-

166 3512 270 3573 tentia
295 3512 336 3574 ad
353 3512 409 3573 itta
425 3532 459 3575 se
474 3514 647 3576 extendero
664 3516 790 3595 nequit.
809 3513 901 3586 Quod
924 3514 1059 3595 quidem
1075 3514 1255 3578 absurdum

165 3616 227 3685 est,
245 3618 276 3670 et
292 3609 411 3672 divinae
426 3612 674 3691 omnipotentiae
685 3623 881 3692 conceptum
898 3612 995 3674 tollit.

207 3708 242 3770 2⁰
255 3708 290 3771 Si
308 3709 377 3771 baeo
402 3711 561 3773 sententia
577 3729 651 3772 vara
678 3721 773 3786 esset,
791 3711 884 3774 nulio
897 3712 970 3789 jure
997 3720 1105 3791 posset
1126 3711 1253 3792 aliquid

163 3804 314 3870 absolute
329 3809 536 3888 impossibiie
552 3810 630 3873 dici.
649 3810 903 3875 Praescindendo
916 3810 1005 3872 enim
1021 3811 1062 3873 ab
1077 3811 1255 3873 intrinseca

162 3906 436 3982 contradictione,
454 3927 551 3974 nemo
579 3920 684 3990 potest
708 3910 858 3990 probare,
878 3910 979 3971 Deum
1006 3909 1130 3990 aliquid
1148 3909 1254 3972 iacere

162 4020 231 4069 non
247 4022 353 4085 posse.
