2792 4600
455 344 541 391 niens
563 345 685 406 nnrnus,
709 346 800 393 ennon
822 349 854 393 ιι.
1154 332 1213 397 ιιι

122 456 212 519 chii:
228 457 321 530 Quod
338 476 397 539 per
411 478 444 521 se
458 461 591 542 concipi
606 470 713 545 potest
727 471 774 526 est
785 463 976 529 substantia.
990 464 1214 528 Sed-extensio

127 574 186 636 per
201 576 236 617 se
251 557 380 638 concipi
399 567 516 638 potest.
534 558 621 642 Ergo
636 564 685 640 h).

167 654 264 736 Resp.
282 656 321 716 ad
337 657 387 730 ιω,
408 656 790 741 transremensis.

169 754 263 834 Resp.
281 754 320 817 ad
337 755 388 831 ιω,
408 758 438 818 ιο
461 758 576 823 Omitto
591 757 667 839 maj.
690 768 717 820 et
734 759 813 821 min.
828 768 857 820 et
871 779 939 841 neq.
956 761 1210 842 consequentiam.

125 853 169 917 Ex
183 865 374 933 argumento
386 858 473 919 enim
491 857 651 938 sequitur,
665 858 890 920 extensionem
903 878 972 920 esse
983 860 1211 936 substantiam,

123 954 152 1015 si
169 954 286 1034 piacet,
305 952 508 1035 possibilem,
529 973 593 1016 non
609 972 686 1017 vero
703 956 770 1017 haec
785 971 935 1036 corpora,
959 974 1032 1036 quae
1058 974 1118 1020 nos
1143 958 1212 1019 affi-

124 1050 228 1122 ciunt,
245 1052 467 1115 extensionem
485 1071 600 1133 puram
615 1072 696 1115 esse.

168 1150 264 1228 Resp.
281 1149 315 1211 ιθ
334 1150 410 1213 Dist.
427 1152 502 1232 maj.
521 1150 613 1223 Quod
631 1170 689 1233 per
704 1171 738 1213 se
753 1153 883 1234 concipi
902 1162 1059 1234 potestat
1082 1154 1212 1217 restitas

126 1266 185 1328 per
196 1267 230 1310 se
242 1248 395 1328 existens,
405 1260 453 1314 est
465 1251 655 1327 substantia,
669 1272 773 1327 conc.,·
782 1271 888 1327 secus,
897 1272 965 1335 neq.
974 1254 1129 1318 Extensio
1141 1256 1211 1318 sola

124 1367 191 1412 non
219 1357 324 1431 potest
352 1349 481 1431 concipi
499 1361 533 1412 ut
547 1349 676 1413 realitas
698 1370 757 1433 per
772 1371 806 1414 se
821 1352 1014 1415 subsistens.
1031 1352 1106 1416 Sola
1122 1355 1211 1416 enim

122 1449 272 1511 extensio
288 1466 423 1510 vacuum
439 1457 499 1522 est,
513 1466 578 1511 non
594 1449 703 1529 aliqua
718 1449 860 1512 realitas.

166 1546 218 1610 ot.
243 1549 433 1610 atomorum
450 1548 717 1629 ponderabiiinm
747 1557 837 1611 motu
854 1550 920 1611 sive
935 1550 975 1611 ad
991 1551 1212 1631 perpendicu-

123 1646 206 1717 tum,
231 1648 298 1708 sire
321 1644 539 1709 declinatorio
561 1646 672 1708 omnia
695 1646 779 1722 tieri,
809 1656 954 1710 veterum
987 1649 1213 1712 atomisterum

123 1745 311 1808 communis
327 1746 442 1826 opinio
460 1744 531 1818 init,
547 1745 701 1825 idemque
714 1764 846 1809 sensere
861 1746 1024 1810 Cartesius
1036 1757 1068 1810 et
1082 1750 1216 1812 Gassen·

122 1844 197 1918 dns,
216 1842 322 1924 quiin
341 1839 526 1905 hoc'solum
549 1860 567 1904 a
583 1842 747 1905 veteribus
759 1853 974 1920 recesserunt,
988 1845 1123 1927 qnod¹hi
1141 1863 1213 1908 mo·
1255 1849 1258 1854 ’

123 1951 193 2003 tum
210 1942 416 2003 adstruerent
430 1940 548 2003 atomis
559 1941 776 2018 essentialem,
792 1941 853 2024 ipsi
867 1960 943 2005 vero
955 1960 974 2004 a
986 1943 1052 2006 Deo
1068 1943 1211 2006 inditam

123 2040 256 2103 retient.
273 2041 313 2104 Αι
328 2040 355 2101 si
375 2040 436 2103 hoc
452 2051 546 2120 pacto
562 2042 729 2103 emendata
761 2041 952 2123 hypothesis
978 2041 1040 2103 ista
1069 2041 1212 2104 absurda

120 2155 193 2201 esse
209 2137 342 2213 desinit,
358 2155 421 2200 non
437 2148 544 2199 tamen
557 2148 630 2219 apta
644 2139 751 2203 evadit
763 2139 802 2200 ad
815 2155 993 2222 corporum
1005 2139 1212 2203 constitutio·

122 2237 453 2320 nemexpiicandam.
533 2252 537 2260 ·
983 2308 986 2315 ,

164 2340 292 2401 Etenim
316 2347 423 2402 motus
439 2338 500 2399 iste
516 2338 727 2400 mechanicus
742 2339 774 2399 ιο
788 2356 855 2400 non
871 2336 1012 2418 explicat
1026 2346 1209 2402 atomorum

120 2438 355 2501 cohaesionem.
373 2437 503 2502 Duabus
518 2437 608 2499 enim
624 2439 743 2500 atomis
759 2455 788 2501 v.
801 2455 850 2518 gr.
865 2457 903 2499 ex
919 2438 1063 2518 impulsu
1077 2448 1209 2517 accepto

26 2598 29 2607 ,
119 2537 405 2613 concurrentibus,
431 2537 478 2598 vei
513 2546 652 2618 utreque
686 2538 810 2599 moveri
847 2546 969 2618 perget,
999 2537 1048 2599 vei
1072 2546 1210 2616 utraque

117 2638 279 2719 quiescet,
296 2637 343 2699 vet
361 2637 461 2699 attera
473 2637 630 2717 quiescet,
644 2637 745 2698 altera
757 2636 951 2699 movebitur.
965 2635 1002 2698 ln
1018 2637 1080 2698 hoc
1091 2636 1208 2697 ultimo

117 2753 196 2799 casn
213 2735 303 2798 nulia
328 2734 413 2813 foret
436 2742 622 2797 atomorum
637 2733 782 2797 adhaesio
800 2750 807 2798 ε
826 2735 860 2796 ιιι
876 2734 1006 2797 dnobus
1022 2732 1139 2814 primis
1154 2749 1207 2794 ca·

116 2836 223 2910 sibus,
240 2834 339 2897 atomi
356 2834 561 2896 adhererent
576 2834 703 2914 utique,
721 2833 775 2894 sed
793 2834 819 2895 si
837 2832 928 2895 uuila
949 2832 1012 2893 alia
1034 2830 1082 2893 vis
1098 2829 1206 2892 adhae-

116 2930 247 2998 sionem
264 2934 417 3007 firmaret,
435 2932 520 2993 nihii
538 2931 666 2994 tacitius
681 2940 764 2993 esset
776 2948 872 3012 quarn
887 2939 921 2992 ut
936 2928 1205 2992 dissociarentur.

116 3034 246 3107 Quaevis
262 3034 372 3114 itaque
387 3032 434 3093 vis
449 3030 610 3094 sufficeret
625 3029 743 3093 atomis
755 3028 994 3105 dissociandis;
1008 3026 1041 3088 id
1054 3027 1141 3109 qnod
1159 3036 1208 3089 est

116 3143 232 3196 contra
247 3131 495 3213 experientiam.

159 3228 292 3292 Puerile
307 3238 352 3290 est
369 3228 491 3308 tingere
517 3221 643 3288 atomos
666 3225 823 3298 hamatae,
841 3241 952 3298 uncas,
970 3240 1132 3301 ramosas;
1149 3223 1205 3285 sed

118 3328 249 3391 etiarnsi
265 3345 334 3389 rem
351 3327 394 3389 ita
410 3326 524 3405 tinges,
541 3324 616 3405 quis
639 3332 731 3405 putet
748 3323 811 3386 hoc
825 3321 972 3385 sufficere
988 3321 1029 3384 ad
1044 3322 1205 3385 cohaesio·

115 3444 193 3489 nem
218 3424 473 3505 explicandam,
505 3440 579 3484 curn
615 3421 795 3501 praesertim
818 3419 1098 3500 crystattizationis
1122 3420 1206 3499 teges
1233 3426 1235 3430 ’

114 3524 292 3588 ostendant
306 3531 431 3587 atomos
447 3538 513 3583 non
533 3529 654 3583 temere
669 3537 706 3581 ac
720 3520 855 3582 confuse
868 3536 876 3595 ;
893 3519 950 3582 sed
963 3518 1208 3581 ordinatissime

115 3622 272 3704 disponi?
296 3623 452 3685 Praeterea
475 3619 609 3703 quinam
626 3627 673 3679 est
688 3627 796 3679 motus
813 3617 1034 3692 mechanicus,
1051 3627 1106 3680 sut
1119 3617 1207 3680 unde

113 3730 281 3800 acceptus,
296 3736 398 3800 quum
411 3735 540 3779 aereum
554 3734 673 3797 corpus
688 3717 721 3776 in
735 3714 912 3797 liquidnm,
927 3724 982 3776 aut
994 3714 1159 3796 liquidum
1172 3715 1206 3777 in

116 3819 264 3882 solidum
280 3817 416 3879 transit?
678 3889 683 3893 ⁴

162 3919 195 3980 ιι
217 3916 317 3979 Μιιιιο
333 3917 442 3977 minus
460 3926 550 3976 motu
567 3914 760 3978 mechanico
772 3910 928 3992 explicari
945 3919 1050 3992 potest
1064 3911 1207 3973 chinsica

152 4035 181 4090 ιιι
196 4033 288 4079 barret.
301 4032 432 4091 metaphys.
444 4032 463 4078 1.
