2792 4600
441 328 527 373 trena
550 326 683 385 xanaiae,
706 327 799 373 aanor·
822 329 855 374 n.
1145 312 1213 375 l'lffv

157 441 254 504 Preb.
275 460 369 521 prop.
389 442 432 505 l⁰.
456 442 520 507 Ena
542 445 704 506 inlinitum
717 454 749 506 et
770 462 827 507 ens
851 446 885 507 in
906 464 1024 526 genere
1044 446 1205 510 differunt

116 540 290 603 infinitate.
319 542 384 605 llos
410 542 499 604 enim
522 542 688 605 inlinitum
713 532 763 604 'est
788 561 846 605 ens
872 544 1038 607 infinitum
1064 553 1149 616 acto,
1174 560 1208 609 et

116 639 223 719 quoad
253 658 322 701 suae
350 638 562 722 perfectionis
598 643 948 721 comprehensionem
979 662 1036 705 ens
1064 661 1140 706 vero
1168 644 1204 706 in

113 754 233 815 genere
249 748 297 799 est
322 756 379 799 ens
397 725 563 800 infinitum
580 740 686 801 solum
705 741 811 820 quoad
828 742 1052 804 extensionem
1070 742 1115 820 (L.
1134 742 1205 821 ll);

116 852 222 914 neqne
237 847 308 898 actu
326 835 492 898 inlinitum
509 847 568 911 est,
593 838 648 898 sed
665 839 836 918 potentia.
852 837 898 900 Ex
924 858 962 901 eo
978 841 1067 900 enim
1083 842 1207 903 solum·
1270 898 1273 904 .

116 932 215 994 modo
231 932 397 995 infinitum
420 935 549 1006 dicitur,
574 938 662 1015 quod
683 954 813 1015 semper
829 955 974 998 crescere
990 949 1097 1018 potest
1120 941 1204 1001 mul-

114 1029 221 1092 titudo
237 1049 346 1093 rerum
365 1050 445 1112 quas
463 1033 522 1095 hac
538 1036 672 1095 notione
687 1035 860 1112 complecti
879 1052 1063 1114 pessumus.

157 1131 202 1192 2⁰.
234 1129 391 1193 llillerunt
412 1133 707 1210 comprehensione
727 1133 820 1194 ideae.
844 1132 924 1193 Nam
942 1134 1013 1195 idea
1029 1136 1113 1195 entis
1130 1135 1204 1195 inli-

117 1229 185 1301 niti¹
206 1239 381 1293 certamen
402 1230 651 1292 determinatam
677 1230 852 1293 essentiam
880 1232 1209 1313 exhibetomnesqne
1265 1277 1269 1284 -

117 1327 292 1407 possibiles
305 1327 521 1407 perfectiones
529 1346 598 1391 com
604 1329 767 1407 plectitur,
778 1329 892 1389 saltem
904 1329 1039 1392 confuse
1047 1331 1206 1410 cognitas.

117 1428 156 1485 At
173 1424 244 1485 idea
261 1427 345 1487 entis
360 1434 408 1487 est
424 1425 520 1504 plane
538 1425 800 1499 indeterminata,
830 1444 889 1487 nec
904 1438 1024 1488 certam
1039 1428 1138 1490 ullam
1154 1448 1207 1491 es·

116 1523 255 1583 sentiam
271 1525 319 1598 vel
334 1523 568 1606 perfectionem
583 1531 804 1602 repraesentat,
819 1524 875 1583 sed
892 1525 933 1585 ab
945 1528 1035 1586 onrni
1050 1526 1206 1587 determi-

114 1635 188 1682 nata
207 1622 404 1708 perfectione
420 1608 578 1684 abstracta
593 1633 651 1683 est.
783 1609 786 1616 ’

156 1720 202 1782 5⁰.
229 1719 387 1782 lliifernnt
403 1720 484 1782 ideae
496 1721 695 1784 extensione.
715 1722 787 1786 ldea
803 1722 891 1781 enim
908 1721 992 1809 entis
1009 1720 1130 1783 infiniti
1150 1742 1208 1785 na·

116 1828 224 1880 turam
237 1819 510 1892 solumdivinam.
524 1821 770 1900 qnaeindividua
782 1830 830 1882 est
842 1830 873 1880 et
883 1820 1208 1900 immultiplicabilis‚

119 1915 238 1995 refert;
252 1919 324 1980 idea
339 1937 414 1982 vero
430 1920 513 1980 entis
529 1919 639 1981 omnia
664 1938 795 1999 genera,
812 1937 926 1982 omnes
943 1937 1051 1981 rerum
1069 1920 1223 1983 diversi·'

120 2025 213 2091 tates,
231 2018 342 2078 omnia
359 2017 530 2079 individua
545 2017 606 2079 snb
622 2037 656 2080 se
672 2017 911 2097 complectitur.

61 2166 66 2178 .
160 2114 254 2178 Unde
275 2116 308 2179 4⁰
332 2116 387 2177 illa
403 2115 556 2196 exprimit
576 2116 739 2195 objectum
757 2115 934 2198 maximum
957 2114 1046 2194 qnod
1076 2118 1209 2198 concipi

118 2225 227 2291 queat,
247 2215 315 2275 haec
332 2214 505 2274 minimum
522 2213 610 2294 quod
627 2214 761 2293 cogitari
776 2212 889 2274 ecdici
907 2213 1024 2292 possit:
1044 2213 1134 2277 illius
1149 2217 1208 2278 eb·

116 2313 239 2390 jectum
252 2312 339 2374 reale
351 2321 409 2386 est,
425 2311 588 2391 objectum
606 2312 715 2391 hujus,
733 2313 773 2373 ita
788 2321 820 2372 nt
832 2310 1030 2389 coneipitur,
1048 2313 1082 2372 in
1098 2333 1209 2376 rernm

121 2422 236 2471 natura
252 2429 322 2473 esse
337 2415 471 2491 nequit:
490 2410 574 2471 nihil
591 2395 743 2471 enim'est
759 2410 792 2469 in
809 2426 918 2469 rerum
934 2421 1048 2470 natura
1061 2412 1149 2489 quod
1166 2415 1209 2474 sit

120 2507 330 2571 solummodo
350 2527 418 2571 ens.

159 2605 174 2632 *
197 2606 270 2669 567.
295 2606 377 2668 llinc
393 2604 556 2685 intelliges
572 2603 636 2665 alio
664 2602 761 2664 inodo
789 2602 904 2677 deum,
931 2603 997 2665 alio
1025 2604 1122 2666 medo
1149 2623 1210 2667 ens

118 2724 296 2768 commune
312 2704 377 2766 dici
393 2722 444 2765 ens
458 2704 646 2783 simpliciter,
664 2702 752 2782 quod
769 2713 816 2762 est
831 2721 883 2762 ens
898 2701 962 2763 tine
977 2702 1095 2764 addite.

164 2805 291 2868 Etenim
310 2806 352 2866 l⁰.
375 2803 458 2864 [lens
478 2801 598 2863 dicitur
613 2818 671 2862 ens
687 2799 898 2880 simpliciter;
916 2801 993 2880 qnia
1009 2800 1094 2860 nibil
1114 2803 1217 2864 habet

122 2899 393 2982 imperfectionis,
417 2918 474 2961 seu
492 2899 658 2961 non-entis
675 2916 684 2961 ;
701 2915 759 2959 ens
776 2915 850 2960 vero
865 2915 1052 2974 commune,
1076 2903 1153 2979 quia
1169 2900 1211 2961 ab

121 3000 213 3063 omni
230 2999 443 3083 determinata
461 2996 660 3077 perfectione
679 2996 879 3075 praescindit.

77 3088 84 3105 '
162 3101 208 3161 2⁰.
233 3101 317 3161 Deus
343 3097 464 3158 dicitur
489 3113 547 3156 ens
566 3095 637 3156 sine
661 3094 784 3168 addito,
812 3094 888 3173 qnia
913 3094 981 3172 ejus
1007 3097 1146 3155 essentia
1163 3105 1215 3158 est

123 3199 232 3278 ipsum
249 3217 329 3270 esse,
347 3215 384 3257 ac
400 3195 538 3276 preinde
554 3211 620 3256 non
637 3201 743 3274 potest
758 3193 796 3253 ad
815 3194 908 3272 plura
925 3192 1137 3254 determinari
1154 3206 1210 3256 aut

123 3299 156 3357 in
175 3294 325 3377 pluribus
342 3291 541 3353 individuari
558 3306 565 3352 :
584 3307 641 3350 ens
657 3307 733 3351 vero
749 3307 934 3362 commune,
952 3289 1029 3369 qnia
1046 3307 1121 3350 eum
1138 3293 1215 3353 nul·

124 3395 189 3454 lam
203 3392 506 3454 determinationem
521 3388 677 3473 includat,
688 3390 728 3449 ad
741 3389 853 3450 onrnia
865 3388 1076 3449 determinari
1092 3397 1211 3467 potest.

167 3492 211 3553 5⁰.
236 3489 320 3552 neus
335 3498 382 3551 est
393 3506 451 3551 ens
464 3487 658 3568 simpliciter
672 3487 705 3548 in
719 3485 834 3550 ordine
848 3486 925 3546 reali
942 3502 949 3548 :
964 3503 1022 3547 ens
1035 3505 1212 3550 commune

127 3593 160 3652 in
178 3590 294 3651 ordine
311 3588 422 3651 ideali.

169 3690 250 3752 llinc
267 3697 351 3768 patet
367 3704 485 3748 nomen
501 3686 584 3747 hoc:
601 3703 653 3744 ens
664 3682 853 3761 simpliciter,
867 3683 1069 3762 aequivocnm
1084 3701 1165 3757 csse,
1180 3696 1215 3747 et

125 3790 232 3848 adres
254 3786 393 3846 ritaxime
420 3783 597 3863 disparatas
623 3780 853 3860 significandas
880 3779 1050 3859 usurpari;
1068 3780 1099 3840 id
1117 3783 1211 3861 qued

123 3883 192 3966 jam
208 3879 372 3947 notaverat
386 3899 423 3943 ac
439 3880 655 3943 declaraverat
670 3883 703 3942 S.
720 3878 860 3940 Thomas
873 3881 922 3956 (a).

156 4015 261 4069 [lidum.
272 4014 304 4079 tia.
317 4027 340 4072 p.
350 4013 401 4070 l‘q.
414 4012 513 4068 lll,arl.
525 4010 566 4067 lll,
575 4010 605 4056 ad
617 4010 636 4066 l,
647 4020 671 4056 ct
683 4010 864 4067 Contrnpemse
875 4008 925 4054 lin.
938 4011 987 4064 l‚c·
1000 4008 1085 4122 xxeu
