2792 4600
454 324 540 370 ainau
562 326 684 384 narnus,
708 326 800 373 curun
822 327 857 373 u.
1053 330 1056 335 ·
1130 309 1192 373 nra

107 436 316 519 physicorum
342 439 492 502 omnium
508 459 671 505 consensu
696 450 852 522 tanquam
876 441 1019 523 physicae
1045 440 1191 505 scientiae

110 534 360 599 fundamentalia
377 536 527 617 dogmata
542 540 744 632 inpraesenti
760 539 977 619 recipiuntur,
993 540 1043 602 vel
1064 538 1191 621 rejiciat

83 697 86 701 ,
107 633 151 696 vel
167 643 366 698 contemnat.
380 634 459 698 Nam
474 638 782 720 praeterquamquod
797 637 896 701 nullae
909 638 1007 701 modo
1024 638 1191 701 theoriaea

2 755 4 758 ·
107 731 248 812 physicis
264 733 493 813 admittuntur,
518 738 581 799 nisi
598 753 671 818 quae
687 755 704 798 a
721 736 875 818 plurimis
890 736 1135 818 experimentis,
1159 743 1191 797 et

107 831 226 893 naviter
249 825 421 905 institutis,
450 843 481 897 et
495 837 628 924 saepiusx
642 835 843 911 instauratis,
867 843 983 915 sponte
1005 832 1188 908 dimanant,

107 948 140 995 ca
154 922 227 1011 que
249 931 392 995 diximus
410 933 666 998 fundamentalia
689 935 840 1014 dogmata
855 932 937 994 adeo
953 932 1052 1006 clare,
1069 931 1187 1006 solide,

108 1029 294 1092 harmonice
307 1040 430 1093 naturae
443 1034 658 1113 phaenomena
670 1032 843 1113 explicant,
858 1039 988 1109 tamque
1000 1027 1142 1099 illustria
1155 1027 1189 1089 in

105 1148 138 1191 se
149 1125 268 1191 divinae
280 1130 449 1211 sapientiae
460 1132 594 1212 vestigia
610 1132 778 1207 exhibent,
792 1139 906 1195 utnon
920 1128 1019 1191 modo
1032 1126 1191 1189 suadeant

105 1228 262 1303 animum,
291 1217 462 1292 sedetiam
485 1230 704 1294 admiratione
719 1249 756 1293 ac
775 1241 909 1310 stupore
931 1228 1129 1309 compleant.
1153 1225 1188 1290 Si

105 1326 175 1407 quis
190 1326 291 1407 igitur
304 1328 373 1390 haec
386 1330 560 1408 negaverit,
574 1347 648 1391 cum
662 1347 702 1392 eo
714 1326 1034 1409 sanedisputandum
1047 1343 1114 1388 non
1127 1317 1186 1389 e'st.

140 1426 240 1505 Atqui
258 1426 344 1489 inter
374 1427 443 1492 haec
475 1428 687 1509 physicorum
710 1428 860 1509 dogmata
890 1437 921 1488 et
943 1425 1190 1507 peripateticam

104 1523 262 1587 theoriam
281 1534 368 1588 tanta
380 1534 428 1589 est
443 1527 622 1608 oppositio,
641 1538 675 1590 ut
687 1527 900 1609 physicorum
917 1523 1125 1605 dogmatibus
1137 1540 1188 1585 re·
1280 1602 1283 1614 Ι

102 1623 214 1702 ceptis,
233 1624 324 1688 illico
347 1634 412 1687 tota
429 1628 717 1707 peripateticorum
741 1624 870 1689 theoria
886 1632 1029 1698 corruat,
1047 1632 1078 1685 et
1092 1622 1189 1684 vicis·

102 1719 162 1780 sim
174 1722 232 1801 qui
245 1709 406 1801 ejusmodi
420 1724 581 1788 theoriam
591 1724 832 1806 complectitur,
847 1741 883 1786 ea
896 1723 1046 1803 dogmata
1059 1728 1191 1803 respuat

104 1836 234 1882 necesse
248 1822 302 1885 sit.

143 1918 266 1982 Revera
291 1921 318 1983 si
349 1940 414 2003 qua
439 1922 539 1986 modo
564 1932 613 1986 est
639 1923 726 2004 apud
754 1921 907 2004 physicos
936 1914 1191 1998 lundamcntalis

2 2041 4 2062 2
104 2015 264 2093 doctrina,
274 2020 398 2083 haecest
413 2021 554 2084 atomica
566 2021 694 2085 theoria
707 2018 1187 2102 superiusexposita(20.seq.).

2 2120 14 2192 l
103 2115 167 2182 Hac
186 2119 276 2179 euim
299 2120 425 2201 physici
451 2130 609 2202 perpetuo
632 2130 779 2197 utuntur,
803 2129 926 2184 utnon
949 2118 1048 2183 modo
1069 2135 1187 2198 corpu·

102 2232 175 2276 rum
199 2216 468 2298 innrganicorum
491 2218 774 2296 constitutionem,
798 2218 1042 2294 conversiones,
1066 2214 1189 2280 rancla-

101 2315 242 2377 ctionem
264 2325 295 2378 et
312 2318 618 2395 ‘condensationem
636 2337 673 2381 ac
689 2319 792 2381 varias
813 2327 954 2381 statuum
976 2317 1187 2389 mutationes,

99 2412 269 2476 sedetiam
285 2416 380 2491 lucis,
394 2418 525 2492 caloris,
541 2417 763 2481 electricitatis
779 2436 816 2480 ac
828 2417 1035 2497 magnetismi
1053 2416 1187 2496 pbaeno-

99 2526 208 2587 mena,
241 2531 422 2596 magnaque
451 2535 489 2578 ex
519 2525 609 2597 parte
638 2517 791 2598 vegetatis
827 2534 960 2598 quoqne
995 2513 1186 2578 oeconomiae

97 2608 287 2676 functiones
302 2613 477 2693 explicent.
1019 2643 1023 2651 ·

138 2709 192 2773 56.
208 2710 278 2772 lam
296 2715 327 2776 l⁰
341 2713 481 2776 atomica
494 2712 619 2776 theoria
633 2722 772 2794 recepta,
792 2712 973 2776 lormarum
989 2711 1186 2774 substantia·

95 2806 183 2870 lium
203 2811 331 2873 theoria
347 2830 406 2893 per
427 2829 462 2873 se
477 2811 633 2885 concidit,
656 2811 771 2873 saltem
793 2811 828 2872 in
844 2828 883 2873 eo
905 2811 994 2892 quod
1014 2810 1130 2873 attinet
1145 2808 1184 2870 ad

95 2905 290 2987 inunganica
306 2927 456 2990 corpora,
474 2909 651 2991 dequibus
668 2908 849 2989 loquimur.
866 2908 958 2984 Quod
974 2927 1039 2972 non
1058 2918 1186 2971 tantum

2 3036 4 3039 ·
94 3007 259 3068 atomistae
287 3007 460 3084 affirmant,
477 3008 533 3071 sed
561 3009 658 3070 etiam
686 3006 769 3070 laeto
796 3009 949 3090 ipsasuo
972 3008 1186 3090 peripatetica

93 3106 212 3168 schola
233 3108 390 3185 ostendit,
407 3114 479 3188 quae
501 3126 630 3189 semper
652 3116 766 3169 contra
787 3107 926 3170 atumica
948 3109 1069 3188 quaevis
1085 3117 1186 3188 syste-

92 3212 195 3279 mata,
212 3214 368 3288 tanquam
381 3215 494 3269 contra
506 3207 677 3287 capitalem
690 3206 876 3282 inimicum,
891 3205 1069 3281 dimicavit,
1083 3224 1188 3287 eaque

67 3296 71 3301 ’
91 3305 319 3380 contentione,
338 3316 374 3370 ut
388 3306 573 3369 luculenter
587 3305 784 3380 ostenderet,
803 3323 837 3366 se
852 3322 927 3368 cum
943 3305 1105 3367 atomlstis
1125 3323 1205 3386 pro,

90 3404 161 3466 aris
179 3422 216 3467 ac
232 3402 313 3467 locis
329 3405 499 3489 dimicare.
514 3407 552 3469 nt
566 3423 643 3466 sane
655 3406 795 3467 atomica
811 3403 939 3467 theoria
950 3404 1050 3466 semel
1066 3405 1183 3485 posita,

90 3504 210 3567 lormae
226 3504 455 3567 substantiales
470 3513 557 3580 sunt,
576 3514 609 3566 ut
626 3504 803 3565 minimum
819 3502 938 3578 dicam,
958 3521 1092 3584 prorsus
1109 3504 1185 3566 inu-

87 3601 184 3677 tiles,
212 3602 492 3682 quemadmodum
519 3620 578 3682 per
599 3620 633 3663 se
661 3599 873 3664 manifestum
902 3607 961 3675 est,
985 3614 1015 3662 et
1041 3620 1077 3663 ex
1104 3601 1187 3682 ipsis

86 3699 385 3780 peripateticorum
401 3699 575 3779 principiis
588 3697 774 3762 deducitur.

134 3797 199 3862 Ubi
218 3799 308 3859 enim
331 3806 407 3860 sunt
423 3798 533 3878 plures
553 3784 755 3883 substantia,
773 3814 846 3877 quae
861 3795 930 3857 suis
952 3794 1077 3858 viribus
1100 3795 1185 3858 invi·

83 3913 166 3958 cem
195 3896 434 3973 adhaerescunt,
464 3895 713 3976 conjunctaque
739 3902 942 3975 permanent,
961 3894 995 3956 in
1012 3895 1074 3958 boc
1093 3911 1184 3958 com-

60 3994 218 4075 posito,
232 3994 323 4075 juxta
339 3993 581 4074 peripateticos,
613 3991 719 4056 lorma
737 3991 828 4055 nulla
844 3992 978 4073 physica
1003 3991 1185 4057 necessaria
