2792 4600
387 368 474 413 einen
496 368 657 426 secaneos,
681 368 776 414 esem
798 369 827 416 v.
1089 356 1152 422 133

46 548 47 551 ,
111 484 185 549 llino
200 483 331 547 effatum
347 481 429 544 illud
446 500 567 547 :caasa
577 485 643 546 sine
654 483 828 548 necessitate
841 502 906 548 non
919 488 1153 570 santmnltipli·

79 585 178 648 sanda.

111 681 175 745 168.
208 682 387 744 Pnoeosmto
416 681 467 744 lV.
502 679 605 743 Caasa
633 684 758 759 amnis,
789 702 856 764 aaa
883 684 918 745 in
943 687 1155 765 praesistente

81 781 192 862 saljeeto
206 781 284 861 opit,
298 800 387 862 apem
406 781 521 862 nequit,
539 782 601 842 nisi
624 781 671 843 ael
683 801 740 863 per
753 800 783 843 se
797 782 843 845 ael
865 802 918 864 per
932 785 1020 847 aliud
1042 787 1083 849 sit
1103 786 1154 849 illi

81 896 201 962 presens.

113 977 194 1042 Ratio
220 975 468 1055 simplicissima
493 977 561 1038 lsaee
588 984 658 1041 est:
676 977 835 1040 uallares
863 988 968 1059 potest
983 998 1078 1060 agere
1095 980 1151 1045 ubi

84 1084 202 1139 nonest.
222 1072 282 1136 Ubi
309 1074 399 1135 enim
415 1092 466 1136 nes
492 1092 557 1137 non
575 1084 634 1149 est,
652 1075 698 1136 ibi
717 1093 768 1138 res
785 1077 842 1138 illa
865 1078 950 1139 nihil
968 1087 1026 1141 est.
1044 1077 1148 1141 Nihili

82 1190 168 1237 autem
183 1172 274 1234 nulla
299 1180 347 1235 est
362 1172 518 1235 nativitas.
546 1172 630 1254 Ergo
657 1177 772 1255 nequit
797 1193 893 1239 eausa
908 1194 1003 1256 agere
1020 1178 1052 1240 in
1069 1178 1150 1240 sub·

45 1324 46 1339 2
81 1279 157 1354 jecto,
174 1271 225 1333 oui
242 1272 472 1351 aliquomodo
491 1290 558 1336 non
575 1273 617 1334 sit
634 1291 787 1354 presens.

44 1386 45 1415 ³
112 1372 145 1435 Ut
159 1371 235 1445 dixi,
256 1360 475 1452 eausa‘potest
501 1390 571 1434 esse
597 1390 741 1453 praesens
766 1371 1045 1456 subjectamque
1071 1376 1148 1457 agit,

44 1472 45 1535 ]
83 1470 118 1531 vel
133 1486 185 1548 per
199 1486 233 1530 se
249 1469 299 1530 vel
317 1486 375 1548 per
389 1468 492 1543 aliud,
510 1469 558 1531 vel
583 1470 754 1532 immediate
770 1471 928 1533 nimirum
944 1472 993 1534 vel
1010 1475 1149 1538 mediate.

112 1567 173 1632 too.
198 1567 389 1631 lmmediata
403 1568 581 1649 applicatio
596 1587 701 1630 causae
717 1569 757 1630 ad
784 1568 966 1648 subjectum
985 1572 1150 1637 habetur:
1249 1646 1257 1659 ,

116 1671 141 1730 1⁰
161 1685 214 1748 per
230 1669 429 1742 identitatem,
446 1685 549 1748 quum
575 1668 734 1729 nimirum
751 1685 849 1747 agens
875 1676 906 1729 et
922 1687 1051 1748 passum
1075 1679 1152 1733 sunt

44 1760 45 1763 '
85 1786 133 1830 ona
146 1766 320 1846 eademque
336 1783 407 1841 res;
426 1781 460 1828 ut
482 1784 585 1847 quum
612 1766 722 1827 anima
739 1766 772 1828 in
800 1784 834 1828 se
851 1766 920 1848 ipsa
936 1769 1151 1847 cogitationes

44 1886 45 1923 ;
85 1875 107 1925 et
119 1864 280 1926 volitiones
297 1865 474 1944 producit3

44 1960 45 2009 ἶ
115 1965 142 2025 ps
160 1979 215 2041 per
228 1962 400 2024 unitionem
413 1962 584 2043 physicam,
603 1971 636 2024 ut
651 1981 754 2042 quum
771 1962 880 2025 anima
897 1964 930 2025 in
947 1981 1067 2045 corpus
1083 1965 1148 2027 sibi

44 2066 45 2075 ’
85 2061 380 2143 coniunctumagit;

116 2162 143 2223 3⁰
161 2180 216 2241 per
243 2163 500 2244 contiguitatem,
533 2171 568 2225 ut
590 2179 691 2242 quum
716 2178 813 2224 manu
836 2179 957 2243 eorpus
978 2174 1150 2229 externum

87 2260 292 2341 propellimus.

114 2361 240 2422 llediata
254 2378 332 2423 vero
346 2378 355 2423 ε

114 2462 139 2534 a)
160 2476 215 2538 per
235 2460 501 2522 instrumentum:
524 2456 566 2519 ita
590 2457 697 2538 pieton
720 2456 785 2537 agit
807 2456 976 2537 penicillo,
1001 2467 1032 2521 et
1055 2461 1151 2523 miles

85 2558 196 2634 lancea3

114 2656 137 2732 l)
158 2673 212 2736 per
227 2656 452 2718 emanationem
467 2654 604 2734 elianam
621 2677 631 2714 :
648 2653 692 2716 ita
708 2653 890 2724 balsamum
912 2675 941 2719 v.
958 2674 1006 2736 gr.
1025 2657 1090 2736 agit
1112 2656 1148 2719 in

85 2755 222 2833 naribus;

114 2858 135 2933 el
156 2872 211 2934 per
225 2854 375 2917 actionem
389 2853 424 2913 in
445 2869 571 2914 cansam
584 2851 681 2913 aliam
695 2851 865 2915 immediate
881 2852 1060 2933 applicitam
1074 2855 1148 2918 sal·

80 2951 203 3031 jestmita
218 2952 282 3026 sol,
299 2950 463 3013 mediante
478 2950 609 3023 aetliere,
626 2948 731 3011 lucem
744 2958 775 3011 et
790 2948 933 3013 calorem
949 2969 1149 3033 quaquaver-

85 3068 126 3112 sus
137 3049 289 3113 tllffundit
302 3067 311 3125 ;

114 3151 139 3217 dt
159 3167 215 3228 per
229 3148 390 3227 inlinanm
404 3144 550 3207 moralem
564 3141 648 3221 tuot,
665 3143 720 3220 7⁰).

115 3245 177 3310 tto.
202 3247 272 3310 Duo
298 3256 475 3325 supersunt
500 3243 692 3323 explicanda
720 3243 830 3322 potius
856 3259 954 3323 quam
980 3242 1152 3322 probanda

43 3335 44 3342 '
87 3345 287 3423 pronuntiata,
304 3360 377 3423 quta
394 3342 426 3402 in
444 3359 500 3403 ore
516 3339 665 3402 omnium
682 3348 862 3401 versantur.

117 3445 149 3506 1αι
172 3429 275 3505 lsttdas
301 3441 449 3522 operandi
472 3440 609 3521 sequitat
633 3440 756 3500 modam
781 3440 906 3504 essendi.
925 3439 992 3503 Hoc
1017 3440 1149 3503 effatum

88 3540 150 3601 nulli
165 3541 301 3602 dubium
328 3540 402 3613 enit,
420 3540 447 3599 si
465 3537 508 3598 l⁰v
519 3536 733 3599 excludantur
748 3537 957 3616 operationes
974 3538 1098 3612 liberte,
1114 3541 1150 3600 in

43 3695 44 3714 ¹
87 3637 208 3718 eoquod
223 3657 241 3700 a
256 3638 405 3699 libertate
421 3636 589 3697 dimanant
602 3652 610 3711 ;
623 3652 660 3695 ac
675 3635 707 3697 2⁰
722 3634 747 3695 si
767 3635 812 3695 ita
837 3634 1060 3715 intelligatur:
1079 3655 1150 3697 mo·

43 3727 44 3782 ἶ
88 3736 195 3800 dileato
218 3738 415 3799 intrinsecus
438 3734 595 3816 operandi
628 3733 819 3795 immediato
847 3734 1035 3816 principio,
1059 3735 1147 3814 qnod

43 3817 44 3828 ¹
88 3847 123 3895 est
135 3835 271 3897 nativitas
287 3834 424 3915 agentis,
442 3834 546 3913 ipsam
564 3850 696 3913 quoque
723 3832 947 3913 operationem
965 3834 1150 3895 moditieari

88 3944 226 4011 oportere.
245 3936 309 3997 lloc
323 3932 412 3997 enim
426 3940 579 4012 perpetua
595 3948 632 3990 ac
648 3931 828 4020 senissima
840 3931 1040 4010 experientia
1057 3949 1150 3993 com·

91 4032 195 4110 probat,
213 4043 243 4096 et
258 4051 316 4115 per
330 4051 365 4095 se
380 4028 590 4094 manifestum
608 4040 666 4091 est.
684 4029 724 4089 At
739 4027 766 4090 si
789 4028 827 4089 od
845 4029 1049 4109 operationes
1068 4021 1154 4093 lihess
