2792 4600
412 352 499 399 trono
520 352 681 412 secundus,
705 353 798 399 emur
821 352 853 397 11.
1116 331 1174 397 331

125 467 157 529 δ’
181 464 302 529 Saltem
325 467 427 547 quaeri
444 484 574 548 semper
596 468 740 547 poterit:
765 484 825 530 cur
839 465 999 530 mnndum
1017 472 1091 527 aute
1109 481 1177 529 non

92 564 163 627 facit
175 565 189 627 f

126 663 199 727 277.
215 662 313 745 Resp.
331 663 371 725 ad
386 663 425 725 1nl
447 663 527 730 but.
547 663 624 746 maj.
648 667 732 728 neus
752 680 883 745 semper
899 663 975 727 facit
991 662 1079 744 quod
1108 679 1177 723 me·

90 761 150 822 iius
165 768 214 824 est
226 760 434 841 simpliciter,
452 779 521 842 nep.
543 780 552 838 ;
569 760 657 842 quod
681 762 801 825 meiius
813 772 859 825 est
875 760 968 841 operi
984 759 1073 841 quod
1090 758 1176 833 facit,

88 859 185 935 subd„
199 859 224 924 i.
241 879 271 923 e.
286 860 429 942 praefinit
448 878 578 940 semper
599 862 692 940 operi
709 878 783 923 eum
800 858 1012 942 perfectionis
1027 857 1176 938 gradum,

28 983 29 988 ¹
89 956 142 1038 qui
158 957 201 1021 sit
227 958 330 1042 major
355 958 430 1021 aliis
442 956 670 1038 possibilibus,
687 975 782 1040 neom
801 957 950 1038 providet
965 956 1056 1033 operi
1070 953 1179 1017 media

88 1072 159 1136 qum
171 1062 248 1118 sunt
262 1055 389 1136 aptiora
405 1055 444 1117 ad
457 1055 683 1135 attingendum
708 1073 783 1118 eum
806 1053 1016 1136 perfectiouis
1028 1050 1176 1132 gradum,
1287 1117 1294 1130 ,

89 1172 186 1235 quem
202 1155 274 1235 ipse
289 1155 443 1237 praefinit,
460 1164 607 1218 trauseat.

128 1250 277 1315 contrad.
300 1254 380 1315 min.
403 1251 481 1316 Esse
507 1269 638 1332 semper
653 1252 773 1316 molins
790 1261 837 1315 est
849 1251 1056 1334 simpliciter,
1072 1268 1179 1324 cone:

87 1349 205 1424 melius
220 1359 269 1414 est
284 1350 430 1427 mundo;
443 1351 546 1428 seed,
559 1369 678 1433 nempe
687 1352 751 1414 hoc
766 1351 899 1414 adderet
908 1348 1180 1430 mundogradum

86 1447 297 1528 perfectionis
314 1450 485 1529 majorem,
499 1450 604 1512 omitto
621 1468 629 1514 :
645 1448 728 1524 foret
743 1449 889 1514 medium
905 1447 1013 1530 aptius
1027 1448 1067 1510 ad
1083 1447 1180 1509 attin·

86 1542 229 1628 gendum
246 1567 322 1611 eum
340 1547 554 1628 perfectionis
572 1548 723 1629 gradum,
741 1567 839 1630 quem
855 1549 919 1630 ipsi
936 1547 1020 1610 neus
1035 1544 1178 1626 praefini·

88 1645 248 1726 vit‚uepo.
980 1699 986 1704 .

129 1742 202 1807 278.
218 1743 265 1806 Ad
284 1742 354 1805 baec
377 1742 590 1822 intelligenda
605 1742 745 1805 sufficiet
764 1746 834 1807 baec
857 1761 956 1824 pauca
976 1742 1180 1804 animadvor-

87 1850 168 1906 tere.
1253 1837 1257 1843 “

134 1939 163 2001 1⁰
192 1938 304 2002 Mundi
332 1939 430 2001 finem
458 1956 528 2001 ease
550 1938 669 2001 divinae
700 1938 856 2001 bonitatis
881 1936 1178 2001 manifestationem

87 2056 155 2102 non
171 2037 331 2112 absolute,
347 2038 403 2100 sed
421 2038 455 2098 in
481 2055 520 2101 co
534 2037 636 2117 gradu
654 2037 749 2100 finito
764 2055 809 2106 ,ac
833 2038 1062 2112 determinato,
1079 2052 1178 2116 quem

88 2136 192 2201 libere
206 2137 337 2201 Creator
359 2129 503 2199 decrevit
526 2154 534 2201 :
553 2136 735 2217 mundique
751 2135 982 2216 perfectionem
998 2135 1094 2214 sitam
1109 2150 1189 2218 esse

90 2237 124 2300 in
151 2236 250 2319 huJus
278 2236 353 2300 frnis
377 2237 592 2312 assecutione,
617 2242 652 2299 nt
675 2237 710 2298 in
726 2235 892 2317 theologia
916 2233 1020 2298 fusius
1035 2232 1178 2295 declara·

25 2384 26 2387 η
89 2336 190 2401 bitur.

130 2437 164 2499 2⁰
187 2434 280 2497 Hunc
292 2434 391 2496 finem
406 2433 549 2497 obtineri
565 2433 700 2523 optime,
715 2443 867 2514 tanquam
880 2451 939 2515 per
951 2431 1095 2494 medium
1108 2447 1179 2494 om·

93 2534 187 2597 nium
201 2533 421 2614 aptissimum,
446 2530 508 2614 per'
524 2532 640 2595 mundi
663 2533 872 2595 durationem
894 2550 969 2594 cum
990 2531 1047 2593 tafi
1070 2529 1178 2604 initi0,

25 2670 27 2727 Ι
92 2632 276 2712 cuiusmodi
291 2649 401 2694 revera
416 2634 560 2696 mundus
575 2631 702 2695 babuit.

25 2732 27 2821 ξ
130 2732 164 2793 5⁰
186 2731 323 2810 Semper
338 2747 409 2791 esso
425 2730 543 2807 melius
559 2740 606 2792 est
621 2728 828 2810 simpliciter,
846 2746 945 2809 quarn
968 2746 1035 2792 non
1050 2746 1181 2808 semper

25 2828 27 2881 i
49 2857 52 2864 ·
91 2848 175 2905 esse,
191 2848 229 2891 ea
245 2828 380 2909 praecise
393 2828 534 2892 ‚ratione
560 2846 625 2908 qua
654 2846 724 2890 esse
746 2828 848 2890 Deum
867 2827 1064 2902 melius'est
1082 2842 1181 2907 quam

91 2946 161 2991 esse
183 2936 389 3001 creaturam3
417 2927 494 3007 quia
515 2926 677 2990 aeternitas
701 2925 805 2989 sotius
824 2925 881 2987 Dei
904 2924 1098 2988 attributum
1119 2933 1179 2988 est.

93 3025 221 3088 idcirco
236 3024 301 3101 diei
319 3023 445 3104 nequit,
470 3025 590 3086 melius
611 3042 681 3086 esse
707 3022 831 3086 mundo
858 3023 947 3103 quod
974 3040 1102 3103 semper
1115 3022 1180 3099 ait3

92 3133 251 3205 repugnat
266 3121 354 3184 enirn
371 3122 533 3184 mundum
550 3139 678 3201 semper
689 3119 802 3195 fuisse,
816 3132 852 3183 ut
864 3110 1180 3202 posteavidehim'us.

92 3220 158 3284 Sed
727 3299 730 3302 ἢ

132 3321 167 3385 4⁰
188 3318 323 3385 Etiamsi
341 3317 485 3381 mundus
512 3329 652 3382 aeternus
679 3335 749 3381 esse
764 3326 885 3400 posset,
905 3317 968 3381 hoc
996 3317 1115 3379 molius
1132 3316 1182 3379 illi

25 3416 28 3505 Ι
90 3427 190 3492 osset,
208 3406 286 3498 quia
302 3415 513 3497 perfectiouis
526 3416 661 3496 gradum
677 3415 834 3497 majorem
852 3415 901 3499 illi
927 3415 1097 3490 tribueret,
1115 3432 1182 3479 non

90 3515 171 3598 quia
197 3515 359 3596 aptiorem
382 3511 500 3577 facebet
518 3514 670 3576 adfinem
701 3514 765 3576 sibi
779 3514 994 3595 praestitutum
1007 3529 1184 3593 assequen-

25 3688 26 3691 ,
72 3614 211 3676 -dnm.'

25 3754 27 3823 5
133 3713 167 3774 ὅθ
190 3710 276 3772 Deus
291 3727 357 3772 nou
380 3718 509 3772 tenetur
531 3709 570 3771 ad
593 3710 903 3773 communicandam
930 3709 999 3773 suis
1028 3708 1184 3790 operibus

25 3826 27 3907 j
90 3826 227 3873 omnem
240 3807 331 3870 iilam
347 3807 593 3888 perfectionem,
609 3827 708 3890 quam
720 3811 790 3890 ipse
805 3809 1049 3872 communicare
1066 3817 1182 3888 potest.

25 3918 26 3995 p
134 3905 211 3997 279.
223 3904 270 3968 Ad
288 3905 329 3967 2¹¹¹
344 3905 576 3991 Deusinfrnito
593 3915 742 3987 tempore
757 3907 843 3969 nihii
860 3906 954 3970 fecit:
971 3906 1088 3969 omitto.
1104 3904 1185 3967 Nam

25 3998 26 4063 ζ
93 4012 169 4071 ante
196 4003 313 4069 mundi
334 4003 468 4066 initium
490 4021 557 4068 non
576 4003 638 4069 fuit
652 4014 780 4086 tempus
794 4004 892 4079 reale,
909 4003 964 4067 scd
980 4002 1086 4066 ideafe
1101 4004 1185 4067 dun·
