2792 4600
200 295 202 312 ²
225 290 289 354 244
659 299 850 347 cosnonnont.

226 439 303 485 vero
324 436 422 499 agens
436 416 527 499 ¹quod
544 414 683 479 lormam
700 424 845 496 generat,
863 413 1146 495 quemadmodum
1167 414 1202 477 in
1215 415 1320 480 allato

226 517 465 582 combustionis
477 514 627 596 exemplo
640 514 681 575 de
696 513 858 594 oxygonio
874 512 1128 575 existimandum
1141 512 1236 577 foret.

267 616 314 682 Ex
341 613 463 695 quibus
479 629 545 674 non
562 610 660 674 modo
676 610 825 691 colliges,
851 610 885 672 in
904 610 965 671 bac
979 610 1140 674 sententia
1154 612 1317 691 assignari

226 733 293 779 uon
307 698 402 794 posse
418 713 625 775 diversorum
639 727 817 789 corporum
830 709 1001 784 elementa,
1012 709 1071 773 sad
1084 710 1181 773 etiam
1194 711 1320 774 clarius

196 847 198 852 >
226 814 418 897 perspicies,
436 811 523 893 quod
549 826 647 889 supra
663 806 939 883 inculcavimus,
931 824 1019 887 ipsas
1042 808 1318 888 experimentales

198 941 200 946 s
225 912 379 975 scientias
395 911 448 974 his
470 906 687 990 opinionibus
710 905 868 970 subverti.

267 1010 319 1074 85.
333 1010 366 1073 5⁰
378 1007 484 1082 Quum
507 1025 524 1071 a
551 1005 715 1069 veteribus
731 1003 953 1086 peripateticis
968 1005 1094 1067 dictum
1109 1005 1231 1071 audio:
1248 969 1317 1069 ele-

152 1098 161 1114 '
227 1120 336 1174 menta
357 1126 490 1172 manere
510 1108 543 1169 in
559 1106 661 1168 mixto
676 1105 795 1167 virtute
818 1102 1014 1185 qualitatum
1043 1122 1188 1180 suarum,
1212 1106 1321 1186 probc'

228 1209 376 1289 intelligo
398 1207 479 1289 quid
499 1206 610 1268 dicere
632 1203 764 1266 vellent.
780 1201 862 1265 Nam
883 1203 1055 1283 qualitates
1076 1203 1318 1269 elementorum

227 1308 370 1391 propria
392 1304 657 1392 quaenam‘jfflta
686 1303 777 1382 ipsos
806 1300 940 1376 luerint,
973 1319 1071 1366 nemo
1095 1302 1235 1384 ignorat.
1252 1304 1319 1368 Aer

226 1406 353 1469 calidus
368 1398 584 1477 atturniam,
610 1401 696 1482 ignis
721 1399 848 1464 calidus
864 1408 896 1462 et
914 1400 1033 1477 siccus,
1051 1419 1134 1483 aqua
1151 1401 1270 1482 lrigidu
1284 1413 1319 1466 et

230 1506 480 1580 humitiatum
503 1503 621 1583 lrigida
635 1512 667 1564 et
681 1501 779 1564 sicca.
801 1499 963 1572 Quoniam
980 1518 1055 1564 vero
1078 1503 1130 1565 hae
1144 1503 1319 1584 qualitates

126 1647 129 1653 ι
229 1603 450 1669 diversimode
472 1601 674 1682 composita,
692 1600 773 1663 etin
790 1599 893 1679 gradu
909 1599 983 1680 plus
999 1600 1148 1664 minusve
1160 1592 1319 1679 remisso,

229 1704 381 1768 inomni
413 1702 515 1764 mixto
542 1701 765 1781 reperiuntur,
794 1697 920 1761 ideirco
943 1708 1093 1779 poterant
1112 1699 1160 1764 illi
1191 1701 1319 1779 dicere,

189 1831 191 1835 ⁴
228 1803 390 1867 elementa
408 1789 594 1884 secundnm
612 1815 687 1861 suas
708 1797 844 1860 virtutes
861 1798 896 1859 in
918 1798 1029 1861 mixtis
1046 1816 1227 1865 remanere.
1250 1800 1319 1864 Sed

167 1973 171 1978 ‚
228 1897 497 1983 peripateticismi
525 1896 658 1960 atomici
688 1904 840 1970 sectator,
868 1895 994 1962 etiamsi
1026 1896 1165 1960 delinire
1193 1911 1318 1979 posset,

226 1998 308 2081 quid
327 1997 477 2060 elementi
503 1996 637 2058 nomine
652 1992 793 2073 intelligi
821 1992 947 2067 debeat,
964 2003 995 2056 et
1009 1995 1160 2074 quacum
1185 1996 1252 2059 siut
1266 1997 1320 2057 di·

228 2115 396 2162 versurum
412 2111 525 2160 rerum
540 2094 711 2168 elementa,
727 2091 838 2154 nescio
854 2092 1021 2172 quomodo
1037 2093 1176 2172 probare
1192 2104 1317 2174 posset,

227 2179 465 2260 elementorum
483 2191 656 2275 qualitates
678 2191 712 2252 in
730 2191 831 2253 mixto
847 2208 1028 2264 remanere,
1045 2202 1101 2255 aut
1115 2193 1244 2257 edicere
1263 2204 1322 2261 ut-

227 2315 358 2378 cunque
382 2311 532 2376 quaenam
559 2290 797 2354 elementorum
823 2290 997 2373 qualitates
1018 2291 1053 2353 in
1079 2292 1180 2357 mixto
1210 2312 1322 2357 reme·

227 2406 337 2458 neunt.
361 2391 441 2456 Nam
457 2402 544 2455 certe
565 2407 633 2454 non
648 2389 779 2452 easdem
796 2389 970 2470 qualitates
985 2409 1055 2454 esse
1077 2391 1321 2457 elementorum

227 2491 438 2568 existimabit,
457 2509 537 2572 quas
559 2499 680 2552 veteres
702 2488 925 2570 assignabant.
944 2489 1057 2552 Dicere
1080 2500 1233 2572 praeterea
1255 2509 1321 2554 ne-

230 2591 312 2673 quit,
330 2607 501 2653 remanere
516 2588 552 2650 in
570 2587 672 2650 mixto
684 2587 857 2650 affinitates
872 2587 1042 2663 chimicas,
1060 2588 1181 2669 quibus
1194 2590 1321 2655 instru-

227 2698 369 2753 cresunt
385 2687 565 2750 elementa:
584 2685 618 2747 in
637 2686 696 2747 bac
710 2686 800 2748 enim
812 2687 983 2761 sententia,
1002 2695 1147 2767 utsupra
1159 2688 1321 2766 vidimus,

228 2788 400 2851 affinitates
422 2786 521 2849 nullae
536 2794 623 2849 sunt.
641 2784 770 2847 Ceterae
792 2794 900 2847 autem
917 2785 1089 2866 qualitates
1111 2805 1319 2869 componen-

226 2888 310 2950 tium
327 2885 480 2967 propriae,
498 2886 565 2948 sive
583 2884 738 2965 physicae,
757 2884 824 2947 sive
846 2885 1009 2962 cbimicae,
1025 2885 1092 2949 sive
1107 2905 1180 2967 quac
1195 2887 1229 2949 iu
1241 2905 1321 2950 sen·

224 3004 282 3050 sus
308 2995 449 3058 nostros,
474 2984 540 3046 sive
556 3002 629 3065 quae
654 2983 688 3044 in
704 2983 768 3045 alia
795 3001 934 3064 corpora
956 2993 1065 3065 agunt,
1083 2984 1116 3046 in
1137 2984 1321 3049 mixtorum

226 3084 438 3167 generatione
461 3092 667 3157 evanescunt,
684 3092 793 3164 atquc,
815 3093 851 3146 ut
865 3083 1000 3146 cbinrici
1024 3084 1148 3159 dicunt,
1164 3085 1319 3149 neutroli-

224 3194 357 3249 zuntur:
379 3185 449 3264 ipse
463 3200 639 3262 corporum
656 3190 771 3260 status,
788 3193 824 3245 ut
841 3184 1034 3264 plurimum,
1056 3183 1259 3261 immutatur,
1277 3203 1320 3249 ac

223 3283 328 3347 fluida
340 3300 433 3347 aerea
445 3281 528 3344 liunt
543 3281 648 3345 solida
676 3282 728 3345 vel
746 3281 887 3363 liquida,
904 3293 936 3347 et
949 3283 1105 3349 vicissim.
1122 3284 1239 3348 Nescio
1253 3280 1319 3366 igi·

224 3391 281 3445 tur
303 3398 449 3462 prorsus,
467 3397 565 3461 quern
581 3396 714 3443 sensnm
731 3379 844 3443 fundat
858 3378 893 3442 in
915 3383 975 3444 hoc
983 3389 1160 3462 systemate
1175 3382 1313 3448 assertio

228 3480 307 3544 illa:
347 3480 490 3540 elemento
514 3487 640 3540 manent
667 3478 703 3541 itt
730 3478 829 3541 misto
856 3481 1022 3542 secundum
1052 3481 1226 3561 qualitates,
1259 3491 1318 3544 aut

124 3639 134 3655 ,
224 3577 395 3660 quomodo
430 3576 543 3640 cadem
580 3575 724 3657 probari,
762 3584 795 3640 et
824 3595 899 3640 cum
929 3577 1130 3658 experientia
1159 3582 1317 3660 componi

252 3677 344 3741 ossil.
1312 3725 1322 3745 .

228 3696 391 3838 pPatet
383 3771 492 3853 itaque
516 3771 601 3833 banc
616 3772 812 3835 sententiam
839 3773 942 3836 multo
957 3792 1028 3837 esse
1053 3774 1318 3856 impeditiorem,

224 3879 505 3956 quamveterum
542 3871 790 3936 scolasticorum
824 3873 1043 3938 sententiam:
1074 3876 1178 3940 multo
1209 3874 1318 3957 magis

223 3969 367 4054 proinde
380 3967 617 4032 excludendam
633 3988 716 4034 esse.
747 4005 750 4009 <
