2792 4600
450 339 537 383 trena
558 338 678 393 rainae,
702 338 793 381 error
815 304 855 380 tr.
1163 318 1203 378 65

117 453 267 515 vicissim.
283 450 364 512 item
382 450 464 512 nihil
482 450 634 531 estquod
651 450 691 510 ad
707 449 843 511 alterius
855 448 940 510 eutis
953 447 1201 528 perfectionem,

119 550 407 633 pulchritudinem,
439 568 547 623 usum,
579 548 830 610 delectationem
868 564 934 609 non
964 530 1122 619 conferat,
1154 544 1201 607 uti

118 649 334 713 consideranti
348 648 440 710 illico
453 657 550 728 patet,
565 646 774 727 quantumvis
787 662 896 706 rerum
909 643 1072 706 bonitates
1086 644 1203 706 multas

120 751 315 828 ignoremus.
1183 784 1185 788 Α

156 844 222 909 tao.
238 845 430 908 Prorosrrro.
451 845 490 907 ll.
508 844 537 906 Ε
551 861 693 919 conuerso
715 842 863 922 quidquid
885 840 998 901 bonum
1012 849 1064 911 est,
1081 857 1134 901 aas
1148 849 1201 902 est.

155 945 233 1007 Nam
250 960 349 1006 omne
366 943 398 1004 id
421 942 510 1022 quod
528 941 651 1004 bonum
673 949 732 1014 est,
752 937 986 1018 perlectionem
1016 935 1113 997 babet
1137 936 1202 998 sibi

117 1043 374 1107 convenientem.
391 1041 551 1104 Perleetio
566 1050 673 1101 autem
689 1039 799 1100 omnis
814 1037 931 1099 entitas
943 1045 1002 1097 est.

157 1141 225 1202 tal.
250 1139 404 1220 Objioies,
434 1140 584 1219 quaedam
608 1138 672 1198 dici
696 1135 886 1214 bonaque
911 1135 999 1195 entia
1022 1149 1089 1194 non
1113 1140 1201 1207 sunt,

115 1239 170 1303 sed
187 1240 378 1318 negationes
399 1241 447 1301 vel
465 1239 675 1319 privationes.
704 1235 759 1296 Sic
779 1231 906 1313 aliquid
928 1247 996 1294 non
1013 1231 1133 1292 habere
1148 1241 1205 1291 aut

117 1357 179 1403 uon
196 1339 313 1412 lacere,
331 1338 398 1399 imo
420 1338 619 1416 quandoque
635 1335 744 1411 ipsum
760 1349 826 1393 nen
843 1348 913 1392 esse
932 1328 1019 1391 bona
1034 1328 1200 1390 dicuutur.

156 1438 251 1518 Resp.
279 1438 310 1499 l⁰
333 1437 407 1499 llaec
434 1436 558 1510 omnia,
582 1431 689 1514 prouti
718 1430 908 1510 negationes
928 1429 977 1490 vel
1003 1427 1202 1509 privationes

117 1548 199 1610 sunt,
217 1536 352 1618 proprie
368 1553 438 1596 esse
460 1531 637 1595 carentiam
654 1529 794 1606 alicujus
817 1526 907 1599 mali,
924 1544 1010 1606 quae,
1031 1525 1095 1586 uisi
1111 1523 1202 1585 aliud

118 1641 261 1713 addatur,
278 1635 409 1698 bonitas
432 1647 498 1693 non
513 1641 573 1691 est.
589 1627 741 1689 Nlbilum
756 1624 846 1685 enim
873 1624 957 1686 malo
980 1631 1078 1695 earet,
1095 1639 1218 1701 neque.

118 1753 220 1802 temen
236 1736 364 1796 idcirco
385 1731 565 1793 bonitatem
583 1726 691 1787 habet.
710 1726 784 1786 llaec
810 1721 911 1800 igitur
923 1720 1017 1784 bona
1031 1719 1201 1796 dicuntur,

120 1837 190 1918 quia
211 1836 262 1896 vel
286 1840 363 1895 sunt
384 1828 590 1892 conditiones
606 1824 645 1886 ad
666 1821 800 1902 aliquod
815 1821 942 1882 bonum
963 1818 1204 1899 acquirendum

118 1945 168 2001 aut
181 1931 455 2003 conservandum,
468 1925 517 1988 vel
534 1931 610 1985 suut
625 1920 758 1982 effectus
774 1928 827 1980 aut
844 1917 936 1995 siqua
952 1916 1031 1979 boni
1048 1915 1202 1995 possessi.

119 2036 223 2103 Primo
238 2031 341 2093 modo
356 2027 499 2101 dicimus
526 2022 653 2084 bonum
680 2034 747 2080 non
773 2015 905 2077 affluere
921 2014 1060 2089 divitiis,
1076 2012 1204 2075 ratione

120 2127 365 2213 tranquillitatis
381 2142 454 2205 quae
475 2120 552 2183 inde
567 2117 782 2196 consequitur
798 2131 806 2178 ;
830 2116 932 2175 altero
946 2112 1045 2174 modo
1061 2111 1205 2172 dicimus

119 2236 235 2296 bonum
254 2247 322 2290 non
338 2220 437 2317 egere
452 2222 637 2291 inhoneste,
655 2215 783 2276 ratione
804 2212 950 2292 positivae
971 2209 1144 2272 veluntatis
1160 2207 1205 2269 ita

120 2351 182 2398 uon
199 2328 330 2411 agendi.
710 2371 724 2402 x

157 2434 254 2511 uesp.
271 2428 303 2489 2⁰
317 2422 510 2504 Negationes
530 2413 720 2494 hujusmodi
734 2421 764 2473 et
780 2408 991 2491 privationes,
1005 2406 1038 2467 iu
1059 2423 1099 2468 eo
1114 2403 1204 2485 quod
1296 2477 1301 2487 ¹

119 2534 202 2598 bona
229 2528 398 2597 dicuntur,
426 2522 514 2581 entia
532 2530 665 2594 quoque
688 2508 767 2585 dici,
784 2517 817 2570 et
843 2505 883 2567 ad
900 2503 1052 2567 eumdem
1067 2501 1204 2563 modum

120 2632 182 2694 dici
196 2628 297 2700 bona,
314 2640 380 2704 quo
395 2618 484 2682 entia
499 2614 667 2698 dicuntur.
684 2609 766 2671 Cum
788 2604 877 2667 enim
894 2605 962 2664 baec
977 2600 1104 2663 soleant
1119 2616 1137 2659 a
1153 2616 1204 2660 ra·

121 2731 205 2794 tione
234 2722 355 2804 respici
386 2718 427 2781 ad
456 2712 591 2778 modum
617 2709 743 2770 entium
760 2704 821 2782 (bl,
837 2702 900 2780 tl),
918 2700 1043 2761 idcireo
1070 2706 1102 2759 et
1128 2698 1204 2759 uni·

120 2839 164 2892 tas
178 2836 208 2890 et
222 2823 342 2887 veritas
353 2829 382 2881 et
400 2814 529 2877 bonitas
541 2808 666 2872 entium
680 2802 815 2885 propria
831 2817 889 2881 per
900 2796 1076 2878 quamdam
1092 2801 1204 2857 analo·

122 2928 201 3007 giam
227 2921 335 3003 ipsius
363 2914 521 2976 tribuitur
544 2906 627 2986 (tua,
650 2903 708 2982 2⁰).
741 2900 945 2980 Quapropter
975 2906 1107 2988 possent
1137 2895 1206 2957 ltaee

122 3020 325 3085 denominari
340 3013 420 3077 bonu
443 3006 586 3081 amicale,
604 3002 689 3064 sieut
718 2995 975 3060 denominantur
1000 2992 1088 3053 entia
1104 2995 1204 3055 ratio·

122 3141 181 3185 nis.

158 3219 319 3283 Non-esse
335 3228 410 3274 vero
432 3206 555 3269 dicitur
577 3202 714 3270 bonum,
732 3193 825 3276 quasi
842 3191 952 3252 minus
967 3188 1109 3264 malum;
1126 3188 1205 3268 quia

123 3338 237 3398 nempe
253 3310 475 3395 comparando
492 3304 614 3367 malum
630 3298 720 3380 quod
733 3312 791 3357 ens
807 3293 929 3372 patitur
943 3307 1018 3351 cum
1036 3289 1122 3350 malo
1137 3307 1204 3351 non

123 3414 310 3487 existentia,
330 3413 393 3473 boc
410 3406 519 3469 minus
536 3401 658 3463 malum
668 3395 835 3475 iudicatur
847 3407 913 3471 prae
928 3387 999 3449 illo.

162 3515 232 3579 lat.
257 3516 328 3577 Duo
344 3517 420 3571 sunt
436 3504 586 3568 hocloco
601 3498 742 3559 debono
759 3489 968 3573 pronuntiata
980 3486 1134 3562 celebria,
1151 3504 1206 3548 ex-

124 3611 271 3697 plicanda
285 3606 502 3690 potiusquam
518 3595 704 3680 probanda3
719 3592 866 3671 indigent
877 3588 966 3647 enim
979 3586 1207 3647 tautummodo

125 3710 339 3793 explicatione
351 3711 385 3767 ul
399 3710 484 3764 recte
497 3696 723 3776 intelligantur
736 3708 744 3755 ε
759 3692 785 3752 si
798 3699 906 3751 autem
918 3694 1006 3746 reete
1018 3683 1206 3763 intelligan-
1271 3731 1274 3734 a

125 3819 186 3883 tur,
204 3806 310 3879 facile,
328 3799 509 3884 praesertim
523 3806 595 3878 post
611 3793 710 3865 dieta,
726 3789 918 3852 suadentur.

25 3891 26 3900 ἵ
163 3907 309 3971 Primum
330 3911 403 3964 est:
428 3898 539 3959 bonum
562 3902 604 3956 eat
629 3888 811 3970 diffusiorem
834 3887 896 3946 eui.
925 3884 992 3944 lloe
1014 3878 1146 3944 effatum
1162 3879 1207 3942 ita

25 3983 26 3988 ἵ
127 4004 262 4086 explieat
274 4001 308 4066 S.
320 4000 482 4061 Thomas:
500 4017 514 4052 e
529 3992 722 4060 Dicendum,
737 3986 826 4067 quod
840 3975 964 4046 bouum
978 3980 1100 4042 dicitur
1112 3979 1207 4043 diffu·
1299 4009 1302 4014 ·
