2792 4600
477 334 564 380 maen
586 333 750 392 suonunus,
774 333 866 380 carus
887 334 910 378 r.
1079 380 1082 387 ,
1195 312 1234 377 81

138 446 295 526 pluribus
315 448 509 512 substantiis
524 458 597 513 actu
624 449 789 512 distinetis
814 467 882 512 non
900 448 1108 526 adulescunt3
1124 455 1235 510 utrum

135 562 219 609 vero
235 546 424 632 extensione
439 547 551 630 aliqua
566 548 724 612 continue
737 547 873 628 praedita
888 547 965 620 sint,
981 563 1022 608 an
1038 553 1158 627 puncta
1169 545 1240 608 sint

136 644 283 709 omnino
304 645 482 725 simplicia,
499 655 577 710 tune
602 646 883 727 investigabimus,
902 662 1004 726 quum
1025 643 1239 725 decerperis

134 745 283 807 essentia
299 744 405 826 deque
421 746 541 810 horum
554 747 794 810 elementorum
810 756 924 811 natura
938 745 1069 823 plenior
1084 744 1237 807 institue-

136 842 397 923 surdispmatie.

183 958 256 1025 163.
270 956 319 1023 Ex
335 960 388 1023 his
403 980 476 1042 quae
491 961 727 1044 decomposita
741 959 922 1023 substantia
937 939 1124 1033 dictasunt,
1139 955 1235 1019 iacile

135 1055 319 1137 intelliges,
337 1058 417 1139 quid
434 1058 477 1121 sit
491 1058 672 1122 substantia
683 1059 831 1139 complete
847 1066 878 1119 et
892 1056 1088 1136 incompleta.

182 1154 352 1238 completa
364 1157 544 1220 substantia
561 1165 608 1220 est
623 1175 757 1238 eaquae,
771 1156 839 1219 sive
855 1154 996 1235 simplex
1007 1153 1050 1216 sit
1062 1153 1129 1216 sive
1143 1169 1236 1216 com·

46 1288 49 1293 ·
74 1295 79 1300 -
111 1328 115 1333 .
135 1254 260 1334 posita,
278 1273 316 1316 ex
331 1272 444 1318 senon
457 1255 629 1319 ordinatur
641 1254 679 1316 ad
694 1252 914 1336 compositum
930 1251 1142 1314 substantiale
1154 1266 1234 1312 eon·

132 1352 356 1418 stitueudum.
375 1353 571 1433 Huiusmodi
588 1362 636 1418 est
650 1354 806 1435 Angelus
821 1352 882 1429 sol,
901 1369 1005 1414 massa
1020 1351 1104 1423 auri
1119 1350 1232 1423 homo,

136 1451 331 1533 plantaete.

180 1549 384 1631 lneompleta
406 1558 454 1613 est
481 1566 517 1613 ea
547 1568 620 1632 quae
637 1569 674 1611 ex
705 1568 738 1612 se
766 1548 939 1612 ordinatur
954 1548 995 1610 ad
1021 1492 1238 1611 substantiale

133 1649 374 1729 compositum,
390 1657 426 1710 ut
440 1647 550 1711 anima
572 1647 731 1723 hominis,
749 1648 884 1728 ejusque
905 1664 1037 1728 corpus,
1053 1660 1163 1706 mmus
1182 1661 1235 1705 ar-

82 1748 87 1763 ·
133 1744 241 1821 boris,
259 1764 376 1809 manus
393 1753 454 1809 eto

177 1840 244 1906 Sed
260 1843 301 1906 de
317 1843 393 1906 his
385 1862 420 1907 m
433 1843 574 1908 articulo
591 1845 753 1924 sequenti

582 2025 746 2074 saltuosos
768 2027 798 2072 v.

472 2158 513 2220 lie
535 2157 693 2241 supposito
715 2166 742 2220 et
760 2176 904 2240 persone.

178 2303 252 2368 166.
277 2304 450 2384 Colligitur
462 2324 501 2367 ex
514 2305 615 2368 modo
627 2304 737 2378 dietis,
752 2304 949 2370 substantias
961 2302 1118 2385 quasdam
1131 2302 1235 2384 partis

132 2401 298 2466 rationem
310 2402 442 2479 babere,
456 2410 614 2484 quatenus
628 2403 669 2467 ad
685 2402 1028 2485 alind-perficiendum
1038 2401 1236 2468 ordinantur

131 2501 225 2566 etad
249 2502 387 2566 alterum
416 2502 604 2568 aenedendo
630 2503 850 2583 eomplentur,
867 2511 904 2567 ut
928 2511 977 2566 est
998 2520 1029 2566 v.
1046 2519 1095 2581 gr.
1111 2518 1233 2582 eorpus

135 2607 194 2663 aut
215 2601 325 2664 anima
339 2610 395 2663 aut
419 2618 536 2666 manus
558 2601 659 2666 relate
686 2602 728 2666 ad
760 2602 928 2665 hominem
945 2617 952 2663 :
971 2598 1128 2681 quasdam
1154 2615 1232 2663 amn

135 2697 332 2777 aliaspartis
347 2699 510 2762 rationem
527 2716 595 2764 nou
612 2698 745 2772 babere,
760 2699 916 2780 quianon
934 2708 1010 2764 sunt
1024 2695 1161 2762 addiete
1182 2695 1231 2759 al·

26 2835 29 2842 -
135 2796 200 2859 teri
216 2795 419 2876 perficiendo
440 2815 502 2862 neo
516 2797 557 2861 ab
578 2797 683 2862 altero
699 2798 919 2878 complentur,
935 2796 993 2860 aad
1009 2795 1073 2858 sibi
1094 2794 1229 2870 relietae,

133 2903 214 2958 suut
228 2894 358 2974 aliquid
374 2897 409 2959 in
424 2914 459 2960 se
482 2896 646 2976 integrum
662 2904 760 2976 atque
784 2897 998 2976 completum,
1014 2903 1050 2959 ut
1063 2902 1112 2957 est
1125 2913 1155 2957 v.
1179 2910 1230 2974 gr.

112 3055 115 3058 a
138 2993 240 3058 horno
256 3001 355 3060 tetus.
373 2995 443 3060 lam
455 2994 647 3060 substantie
661 2995 856 3074 singulares,
875 2994 1043 3074 inquibus
1063 2993 1132 3055 haee
1147 2995 1230 3056 inte·
1273 2989 1275 2995 '

134 3092 266 3171 gritatia
278 3099 311 3154 et
322 3093 534 3174 proprietatis
546 3094 630 3158 ratio
646 3094 825 3167 iuvenitur,
842 3093 1002 3174 supposito
1015 3092 1183 3166 dicuntur,
1200 3101 1237 3155 et

133 3206 243 3268 graneo
259 3190 396 3254 nomine
409 3191 598 3272 hypostases.
613 3193 671 3257 Est
695 3191 795 3272 igitur
810 3190 1018 3271 suppositum
1036 3208 1044 3254 :
1059 3188 1234 3252 substantia

131 3287 321 3368 sinquteris,
349 3307 417 3368 que
444 3308 497 3370 per
519 3309 549 3351 se
569 3290 725 3370 inceptum
752 3289 906 3369 quoddam
931 3296 973 3349 est
997 3294 1085 3368 atque
1103 3286 1230 3366 comple

135 3392 221 3448 tum:
248 3385 433 3451 videlieet:
463 3406 613 3468 quemue
635 3390 762 3452 ulterius
788 3406 861 3468 pars
889 3394 942 3461 eet,
963 3399 1058 3467 aeque
1084 3385 1133 3448 uti
1154 3402 1231 3465 pers

134 3483 388 3563 speetaripeteet.
410 3483 525 3548 Modus
553 3486 608 3552 hie
633 3485 793 3552 existendi
820 3484 979 3548 abstracte
1004 3483 1232 3548 consideratus

134 3579 261 3644 dieitur
272 3581 480 3648 aetatuenue.

176 3693 320 3758 Definito
337 3696 521 3776 supposito,
539 3697 639 3760 babes
655 3716 794 3779 persone
818 3696 1058 3760 definitionem.
1086 3697 1231 3759 Persona

134 3792 225 3855 enim
256 3796 510 3874 estsupposa'tum
524 3796 694 3871 ratiemm
712 3795 860 3877 adeoque
880 3794 1060 3859 substantia
1080 3793 1228 3875 singula·

132 3889 193 3965 ris,
207 3907 281 3971 quae
294 3892 421 3955 ratium
433 3892 546 3973 pollet,
555 3909 694 3976 quaeque
707 3911 811 3975 perse
823 3895 988 3974 integrum
1000 3891 1168 3975 quoddam
1179 3901 1230 3956 est

132 3994 233 4069 atque
247 3989 462 4070 completum.
