<?xml version="1.0" encoding="UTF-8"?>
<!DOCTYPE html PUBLIC "-//W3C//DTD XHTML 1.0 Transitional//EN"
    "http://www.w3.org/TR/xhtml1/DTD/xhtml1-transitional.dtd">
<html xmlns="http://www.w3.org/1999/xhtml" xml:lang="en" lang="en">
 <head>
  <title>
</title>
<meta http-equiv="Content-Type" content="text/html;charset=utf-8" />
  <meta name='ocr-system' content='tesseract 3.04.00' />
  <meta name='ocr-capabilities' content='ocr_page ocr_carea ocr_par ocr_line ocrx_word'/>
</head>
<body>
  <div class='ocr_page' id='page_1' title='image "./institutionesph01tonggoog_0229.png"; bbox 0 0 2792 4600; ppageno 0'>
   <div class='ocr_carea' id='block_1_1' title="bbox 472 334 1211 430">
    <p class='ocr_par' dir='ltr' id='par_1_1' title="bbox 472 334 1211 430">
     <span class='ocr_line' id='line_1_1' title="bbox 472 334 1211 430; baseline 0.003 -35"><span class='ocrx_word' id='word_1_1' title='bbox 472 349 558 396; x_wconf 81' lang='lat' dir='ltr'>ursan</span> <span class='ocrx_word' id='word_1_2' title='bbox 579 348 701 409; x_wconf 81' lang='lat' dir='ltr'>narnus,</span> <span class='ocrx_word' id='word_1_3' title='bbox 724 349 815 430; x_wconf 70' lang='lat' dir='ltr'>carun</span> <span class='ocrx_word' id='word_1_4' title='bbox 838 351 873 397; x_wconf 86' lang='lat' dir='ltr'>n.</span> <span class='ocrx_word' id='word_1_5' title='bbox 1152 334 1211 397; x_wconf 71' lang='lat' dir='ltr'>til</span> 
     </span>
    </p>
   </div>
   <div class='ocr_carea' id='block_1_2' title="bbox 120 464 1221 744">
    <p class='ocr_par' dir='ltr' id='par_1_2' title="bbox 120 464 1221 744">
     <span class='ocr_line' id='line_1_2' title="bbox 120 464 1217 554; baseline -0.001 -25"><span class='ocrx_word' id='word_1_6' title='bbox 120 481 189 530; x_wconf 90' lang='lat' dir='ltr'>non</span> <span class='ocrx_word' id='word_1_7' title='bbox 201 475 392 547; x_wconf 88' lang='lat' dir='ltr'>generatur;</span> <span class='ocrx_word' id='word_1_8' title='bbox 410 466 584 554; x_wconf 84' lang='lat' dir='ltr'>productio</span> <span class='ocrx_word' id='word_1_9' title='bbox 600 484 675 529; x_wconf 91' lang='lat' dir='ltr'>vero</span> <span class='ocrx_word' id='word_1_10' title='bbox 690 464 871 528; x_wconf 87' lang='lat' dir='ltr'>accidentis</span> <span class='ocrx_word' id='word_1_11' title='bbox 887 482 955 528; x_wconf 90' lang='lat' dir='ltr'>non</span> <span class='ocrx_word' id='word_1_12' title='bbox 973 468 1140 547; x_wconf 84' lang='lat' dir='ltr'>generatio</span> <span class='ocrx_word' id='word_1_13' title='bbox 1153 481 1217 544; x_wconf 87' lang='lat' dir='ltr'>est,</span> 
     </span>
     <span class='ocr_line' id='line_1_3' title="bbox 123 565 358 629; baseline 0.013 -3"><span class='ocrx_word' id='word_1_14' title='bbox 123 565 181 627; x_wconf 88' lang='lat' dir='ltr'>sed</span> <span class='ocrx_word' id='word_1_15' title='bbox 194 565 358 629; x_wconf 74' lang='lat' dir='ltr'><strong>alteratio.</strong></span> 
     </span>
     <span class='ocr_line' id='line_1_4' title="bbox 164 662 1221 744; baseline 0.002 -20"><span class='ocrx_word' id='word_1_16' title='bbox 164 663 197 724; x_wconf 73' lang='lat'>4⁰</span> <span class='ocrx_word' id='word_1_17' title='bbox 220 662 327 735; x_wconf 81' lang='lat' dir='ltr'>Quum</span> <span class='ocrx_word' id='word_1_18' title='bbox 343 681 408 725; x_wconf 90' lang='lat' dir='ltr'>una</span> <span class='ocrx_word' id='word_1_19' title='bbox 420 663 600 726; x_wconf 90' lang='lat' dir='ltr'>substantia</span> <span class='ocrx_word' id='word_1_20' title='bbox 624 662 657 724; x_wconf 91' lang='lat' dir='ltr'>in</span> <span class='ocrx_word' id='word_1_21' title='bbox 682 662 818 724; x_wconf 89' lang='lat' dir='ltr'>alteram</span> <span class='ocrx_word' id='word_1_22' title='bbox 832 670 987 737; x_wconf 88' lang='lat' dir='ltr'>mutatur,</span> <span class='ocrx_word' id='word_1_23' title='bbox 1004 682 1034 727; x_wconf 89' lang='lat' dir='ltr'>v.</span> <span class='ocrx_word' id='word_1_24' title='bbox 1054 681 1103 744; x_wconf 84' lang='lat' dir='ltr'>gr.</span> <span class='ocrx_word' id='word_1_25' title='bbox 1123 666 1221 744; x_wconf 91' lang='lat' dir='ltr'>panis</span> 
     </span>
    </p>
   </div>
   <div class='ocr_carea' id='block_1_3' title="bbox 17 760 1222 844">
    <p class='ocr_par' dir='ltr' id='par_1_3' title="bbox 17 760 1222 844">
     <span class='ocr_line' id='line_1_5' title="bbox 17 760 1222 844; baseline 0.004 -23"><span class='ocrx_word' id='word_1_26' title='bbox 17 835 19 839; x_wconf 68' lang='lat'>,</span> <span class='ocrx_word' id='word_1_27' title='bbox 124 762 160 822; x_wconf 92' lang='lat' dir='ltr'>in</span> <span class='ocrx_word' id='word_1_28' title='bbox 172 762 366 842; x_wconf 88' lang='lat' dir='ltr'>sanguinem</span> <span class='ocrx_word' id='word_1_29' title='bbox 379 770 411 822; x_wconf 90' lang='lat' dir='ltr'>et</span> <span class='ocrx_word' id='word_1_30' title='bbox 421 778 564 835; x_wconf 89' lang='lat' dir='ltr'>earnem,</span> <span class='ocrx_word' id='word_1_31' title='bbox 579 761 751 842; x_wconf 79' lang='lat' dir='ltr'>aliquides</span> <span class='ocrx_word' id='word_1_32' title='bbox 761 760 868 840; x_wconf 90' lang='lat' dir='ltr'>prima</span> <span class='ocrx_word' id='word_1_33' title='bbox 880 761 1062 823; x_wconf 89' lang='lat' dir='ltr'>substantia</span> <span class='ocrx_word' id='word_1_34' title='bbox 1075 766 1222 844; x_wconf 79' lang='lat' dir='ltr'><strong>supersit</strong></span> 
     </span>
    </p>
   </div>
   <div class='ocr_carea' id='block_1_4' title="bbox 70 858 1288 3506">
    <p class='ocr_par' dir='ltr' id='par_1_4' title="bbox 70 858 1288 3506">
     <span class='ocr_line' id='line_1_6' title="bbox 125 858 1222 940; baseline 0.003 -21"><span class='ocrx_word' id='word_1_35' title='bbox 125 876 258 920; x_wconf 88' lang='lat' dir='ltr'>necesse</span> <span class='ocrx_word' id='word_1_36' title='bbox 273 868 332 934; x_wconf 88' lang='lat' dir='ltr'>est,</span> <span class='ocrx_word' id='word_1_37' title='bbox 350 859 495 939; x_wconf 83' lang='lat' dir='ltr'>itemque</span> <span class='ocrx_word' id='word_1_38' title='bbox 511 876 631 921; x_wconf 92' lang='lat' dir='ltr'>novum</span> <span class='ocrx_word' id='word_1_39' title='bbox 647 858 782 939; x_wconf 84' lang='lat' dir='ltr'>aliquod</span> <span class='ocrx_word' id='word_1_40' title='bbox 799 858 998 920; x_wconf 89' lang='lat' dir='ltr'>elementum</span> <span class='ocrx_word' id='word_1_41' title='bbox 1018 859 1222 940; x_wconf 79' lang='lat' dir='ltr'>producatur</span> 
     </span>
     <span class='ocr_line' id='line_1_7' title="bbox 123 957 1220 1039; baseline 0.003 -21"><span class='ocrx_word' id='word_1_42' title='bbox 123 966 265 1036; x_wconf 82' lang='lat' dir='ltr'><strong>oportet.</strong></span> <span class='ocrx_word' id='word_1_43' title='bbox 281 957 351 1019; x_wconf 87' lang='lat' dir='ltr'>lam</span> <span class='ocrx_word' id='word_1_44' title='bbox 378 957 411 1018; x_wconf 88' lang='lat' dir='ltr'>id</span> <span class='ocrx_word' id='word_1_45' title='bbox 438 957 527 1037; x_wconf 88' lang='lat' dir='ltr'>quod</span> <span class='ocrx_word' id='word_1_46' title='bbox 554 967 702 1036; x_wconf 83' lang='lat' dir='ltr'>superest</span> <span class='ocrx_word' id='word_1_47' title='bbox 728 957 862 1018; x_wconf 90' lang='lat' dir='ltr'>materia</span> <span class='ocrx_word' id='word_1_48' title='bbox 877 959 982 1037; x_wconf 89' lang='lat' dir='ltr'>prima</span> <span class='ocrx_word' id='word_1_49' title='bbox 999 967 1058 1030; x_wconf 86' lang='lat' dir='ltr'>est,</span> <span class='ocrx_word' id='word_1_50' title='bbox 1076 957 1110 1018; x_wconf 92' lang='lat' dir='ltr'>id</span> <span class='ocrx_word' id='word_1_51' title='bbox 1127 960 1220 1039; x_wconf 83' lang='lat' dir='ltr'>quod</span> 
     </span>
     <span class='ocr_line' id='line_1_8' title="bbox 101 1054 471 1136; baseline 0.003 -18"><span class='ocrx_word' id='word_1_52' title='bbox 101 1063 104 1070; x_wconf 91' lang='lat'>&#39;</span> <span class='ocrx_word' id='word_1_53' title='bbox 127 1055 334 1136; x_wconf 86' lang='lat' dir='ltr'>producitur,</span> <span class='ocrx_word' id='word_1_54' title='bbox 354 1054 471 1119; x_wconf 87' lang='lat' dir='ltr'>forma.</span> 
     </span>
     <span class='ocr_line' id='line_1_9' title="bbox 159 1152 1214 1235; baseline 0.004 -21"><span class='ocrx_word' id='word_1_55' title='bbox 159 1153 193 1214; x_wconf 80' lang='lat'>5⁰</span> <span class='ocrx_word' id='word_1_56' title='bbox 217 1156 363 1234; x_wconf 83' lang='lat' dir='ltr'>Denique</span> <span class='ocrx_word' id='word_1_57' title='bbox 388 1153 567 1232; x_wconf 85' lang='lat' dir='ltr'>arguebant</span> <span class='ocrx_word' id='word_1_58' title='bbox 588 1172 626 1214; x_wconf 80' lang='lat' dir='ltr'>er</span> <span class='ocrx_word' id='word_1_59' title='bbox 657 1153 767 1226; x_wconf 86' lang='lat' dir='ltr'>variis,</span> <span class='ocrx_word' id='word_1_60' title='bbox 793 1152 1214 1235; x_wconf 82' lang='lat' dir='ltr'>utputabant,iormaru1n</span> 
     </span>
     <span class='ocr_line' id='line_1_10' title="bbox 121 1250 1218 1332; baseline 0.005 -20"><span class='ocrx_word' id='word_1_61' title='bbox 121 1250 313 1332; x_wconf 79' lang='lat' dir='ltr'>huiusmodi</span> <span class='ocrx_word' id='word_1_62' title='bbox 330 1253 534 1315; x_wconf 87' lang='lat' dir='ltr'>naturalibus</span> <span class='ocrx_word' id='word_1_63' title='bbox 550 1252 696 1314; x_wconf 86' lang='lat' dir='ltr'>indiciis.</span> <span class='ocrx_word' id='word_1_64' title='bbox 712 1251 761 1315; x_wconf 90' lang='lat' dir='ltr'>Sit</span> <span class='ocrx_word' id='word_1_65' title='bbox 775 1252 807 1313; x_wconf 92' lang='lat' dir='ltr'>in</span> <span class='ocrx_word' id='word_1_66' title='bbox 820 1254 987 1332; x_wconf 80' lang='lat' dir='ltr'>specimen</span> <span class='ocrx_word' id='word_1_67' title='bbox 1002 1254 1071 1315; x_wconf 88' lang='lat' dir='ltr'>baec</span> <span class='ocrx_word' id='word_1_68' title='bbox 1084 1254 1218 1317; x_wconf 89' lang='lat' dir='ltr'>ratioci-</span> 
     </span>
     <span class='ocr_line' id='line_1_11' title="bbox 129 1351 646 1414; baseline 0.008 -4"><span class='ocrx_word' id='word_1_69' title='bbox 129 1351 247 1414; x_wconf 86' lang='lat' dir='ltr'><strong>natio:</strong></span> <span class='ocrx_word' id='word_1_70' title='bbox 645 1354 646 1357; x_wconf 74' lang='grc'>’</span> 
     </span>
     <span class='ocr_line' id='line_1_12' title="bbox 70 1435 1288 1531; baseline 0.002 -21"><span class='ocrx_word' id='word_1_71' title='bbox 70 1505 72 1510; x_wconf 92' lang='grc'>.</span> <span class='ocrx_word' id='word_1_72' title='bbox 169 1472 184 1508; x_wconf 84' lang='lat'><strong>‹</strong></span> <span class='ocrx_word' id='word_1_73' title='bbox 206 1449 241 1512; x_wconf 87' lang='lat' dir='ltr'>Si</span> <span class='ocrx_word' id='word_1_74' title='bbox 258 1467 342 1531; x_wconf 88' lang='lat' dir='ltr'>aqua</span> <span class='ocrx_word' id='word_1_75' title='bbox 358 1468 386 1510; x_wconf 89' lang='lat' dir='ltr'>v.</span> <span class='ocrx_word' id='word_1_76' title='bbox 403 1466 452 1528; x_wconf 91' lang='lat' dir='ltr'>gr.</span> <span class='ocrx_word' id='word_1_77' title='bbox 471 1447 608 1520; x_wconf 83' lang='lat' dir='ltr'>calefiat,</span> <span class='ocrx_word' id='word_1_78' title='bbox 627 1457 657 1510; x_wconf 93' lang='lat' dir='ltr'>et</span> <span class='ocrx_word' id='word_1_79' title='bbox 685 1457 795 1528; x_wconf 90' lang='lat' dir='ltr'>postea</span> <span class='ocrx_word' id='word_1_80' title='bbox 825 1459 1030 1511; x_wconf 89' lang='lat' dir='ltr'>removeatur</span> <span class='ocrx_word' id='word_1_81' title='bbox 1053 1468 1162 1531; x_wconf 89' lang='lat' dir='ltr'>agens,</span> <span class='ocrx_word' id='word_1_82' title='bbox 1181 1452 1225 1513; x_wconf 91' lang='lat' dir='ltr'>ab</span> <span class='ocrx_word' id='word_1_83' title='bbox 1285 1435 1288 1440; x_wconf 37' lang='lat'><strong>⁴</strong></span> 
     </span>
     <span class='ocr_line' id='line_1_13' title="bbox 130 1545 1223 1628; baseline 0.005 -24"><span class='ocrx_word' id='word_1_84' title='bbox 130 1571 144 1604; x_wconf 85' lang='lat' dir='ltr'>tt</span> <span class='ocrx_word' id='word_1_85' title='bbox 170 1547 350 1610; x_wconf 88' lang='lat' dir='ltr'>intrinseco</span> <span class='ocrx_word' id='word_1_86' title='bbox 372 1546 542 1609; x_wconf 79' lang='lat' dir='ltr'>reducitur</span> <span class='ocrx_word' id='word_1_87' title='bbox 563 1545 603 1607; x_wconf 92' lang='lat' dir='ltr'>ad</span> <span class='ocrx_word' id='word_1_88' title='bbox 632 1545 807 1625; x_wconf 87' lang='lat' dir='ltr'>pristinam</span> <span class='ocrx_word' id='word_1_89' title='bbox 830 1545 1057 1626; x_wconf 80' lang='lat' dir='ltr'>frigiditatem.</span> <span class='ocrx_word' id='word_1_90' title='bbox 1077 1549 1160 1628; x_wconf 75' lang='lat' dir='ltr'>llrgo</span> <span class='ocrx_word' id='word_1_91' title='bbox 1177 1550 1223 1611; x_wconf 91' lang='lat' dir='ltr'>si-</span> 
     </span>
     <span class='ocr_line' id='line_1_14' title="bbox 130 1644 1227 1730; baseline 0.005 -24"><span class='ocrx_word' id='word_1_92' title='bbox 130 1670 145 1706; x_wconf 80' lang='lat'><strong>«</strong></span> <span class='ocrx_word' id='word_1_93' title='bbox 169 1663 271 1727; x_wconf 87' lang='lat' dir='ltr'>gnum</span> <span class='ocrx_word' id='word_1_94' title='bbox 286 1656 334 1709; x_wconf 87' lang='lat' dir='ltr'>est</span> <span class='ocrx_word' id='word_1_95' title='bbox 349 1664 419 1709; x_wconf 88' lang='lat' dir='ltr'>esse</span> <span class='ocrx_word' id='word_1_96' title='bbox 435 1646 470 1707; x_wconf 94' lang='lat' dir='ltr'>in</span> <span class='ocrx_word' id='word_1_97' title='bbox 482 1663 565 1725; x_wconf 89' lang='lat' dir='ltr'>aqua</span> <span class='ocrx_word' id='word_1_98' title='bbox 577 1644 713 1725; x_wconf 76' lang='lat' dir='ltr'>aliquod</span> <span class='ocrx_word' id='word_1_99' title='bbox 729 1645 884 1707; x_wconf 90' lang='lat' dir='ltr'>intimum</span> <span class='ocrx_word' id='word_1_100' title='bbox 899 1646 1114 1728; x_wconf 89' lang='lat' dir='ltr'>principium,</span> <span class='ocrx_word' id='word_1_101' title='bbox 1126 1667 1142 1709; x_wconf 90' lang='lat' dir='ltr'>a</span> <span class='ocrx_word' id='word_1_102' title='bbox 1156 1668 1227 1730; x_wconf 89' lang='lat' dir='ltr'>quo</span> 
     </span>
     <span class='ocr_line' id='line_1_15' title="bbox 129 1742 1224 1828; baseline 0.005 -25"><span class='ocrx_word' id='word_1_103' title='bbox 129 1769 145 1803; x_wconf 71' lang='lat' dir='ltr'>s</span> <span class='ocrx_word' id='word_1_104' title='bbox 170 1745 289 1808; x_wconf 88' lang='lat' dir='ltr'>iterum</span> <span class='ocrx_word' id='word_1_105' title='bbox 302 1755 413 1813; x_wconf 73' lang='lat' dir='ltr'>,manet</span> <span class='ocrx_word' id='word_1_106' title='bbox 429 1744 572 1806; x_wconf 91' lang='lat' dir='ltr'>intensio</span> <span class='ocrx_word' id='word_1_107' title='bbox 594 1742 739 1822; x_wconf 81' lang='lat' dir='ltr'>frigoris,</span> <span class='ocrx_word' id='word_1_108' title='bbox 757 1743 894 1805; x_wconf 90' lang='lat' dir='ltr'>sublatis</span> <span class='ocrx_word' id='word_1_109' title='bbox 911 1744 1102 1807; x_wconf 85' lang='lat' dir='ltr'>extrinsecis</span> <span class='ocrx_word' id='word_1_110' title='bbox 1117 1747 1224 1828; x_wconf 84' lang='lat' dir='ltr'>irnpe-</span> 
     </span>
     <span class='ocr_line' id='line_1_16' title="bbox 130 1842 1222 1923; baseline 0.004 -21"><span class='ocrx_word' id='word_1_111' title='bbox 130 1868 145 1902; x_wconf 66' lang='grc' dir='ltr'>κ</span> <span class='ocrx_word' id='word_1_112' title='bbox 170 1845 338 1907; x_wconf 87' lang='lat' dir='ltr'>dimentis.</span> <span class='ocrx_word' id='word_1_113' title='bbox 370 1843 453 1923; x_wconf 86' lang='lat' dir='ltr'>lllud</span> <span class='ocrx_word' id='word_1_114' title='bbox 489 1853 594 1906; x_wconf 90' lang='lat' dir='ltr'>autem</span> <span class='ocrx_word' id='word_1_115' title='bbox 620 1842 826 1923; x_wconf 87' lang='lat' dir='ltr'>principium</span> <span class='ocrx_word' id='word_1_116' title='bbox 849 1860 916 1905; x_wconf 91' lang='lat' dir='ltr'>non</span> <span class='ocrx_word' id='word_1_117' title='bbox 940 1852 1046 1923; x_wconf 91' lang='lat' dir='ltr'>potest</span> <span class='ocrx_word' id='word_1_118' title='bbox 1068 1863 1139 1905; x_wconf 92' lang='lat' dir='ltr'>esse</span> <span class='ocrx_word' id='word_1_119' title='bbox 1155 1846 1222 1907; x_wconf 84' lang='lat' dir='ltr'>nisi</span> 
     </span>
     <span class='ocr_line' id='line_1_17' title="bbox 130 1942 611 2020; baseline -0.006 -18"><span class='ocrx_word' id='word_1_120' title='bbox 130 1967 145 2002; x_wconf 75' lang='lat' dir='ltr'>e</span> <span class='ocrx_word' id='word_1_121' title='bbox 172 1945 276 2008; x_wconf 89' lang='lat' dir='ltr'>forma</span> <span class='ocrx_word' id='word_1_122' title='bbox 292 1942 514 2005; x_wconf 90' lang='lat' dir='ltr'>substantialis</span> <span class='ocrx_word' id='word_1_123' title='bbox 526 1945 578 2020; x_wconf 81' lang='lat' dir='ltr'>(t).</span> <span class='ocrx_word' id='word_1_124' title='bbox 597 1964 611 1999; x_wconf 73' lang='lat' dir='ltr'>s</span> 
     </span>
     <span class='ocr_line' id='line_1_18' title="bbox 168 2038 1224 2122; baseline -0.004 -17"><span class='ocrx_word' id='word_1_125' title='bbox 168 2043 222 2106; x_wconf 77' lang='lat' dir='ltr'>lb.</span> <span class='ocrx_word' id='word_1_126' title='bbox 245 2045 315 2107; x_wconf 89' lang='lat' dir='ltr'>lam</span> <span class='ocrx_word' id='word_1_127' title='bbox 332 2043 406 2122; x_wconf 90' lang='lat' dir='ltr'>quis</span> <span class='ocrx_word' id='word_1_128' title='bbox 423 2059 489 2105; x_wconf 91' lang='lat' dir='ltr'>non</span> <span class='ocrx_word' id='word_1_129' title='bbox 506 2041 592 2102; x_wconf 84' lang='lat' dir='ltr'>videt</span> <span class='ocrx_word' id='word_1_130' title='bbox 605 2057 703 2120; x_wconf 86' lang='lat' dir='ltr'>quam</span> <span class='ocrx_word' id='word_1_131' title='bbox 718 2038 813 2100; x_wconf 87' lang='lat' dir='ltr'>iacile</span> <span class='ocrx_word' id='word_1_132' title='bbox 827 2039 971 2102; x_wconf 88' lang='lat' dir='ltr'>rationes</span> <span class='ocrx_word' id='word_1_133' title='bbox 985 2042 1053 2103; x_wconf 89' lang='lat' dir='ltr'>istae</span> <span class='ocrx_word' id='word_1_134' title='bbox 1066 2058 1224 2103; x_wconf 85' lang='lat' dir='ltr'>enerven-</span> 
     </span>
     <span class='ocr_line' id='line_1_19' title="bbox 128 2137 1223 2221; baseline 0 -19"><span class='ocrx_word' id='word_1_135' title='bbox 128 2145 203 2205; x_wconf 79' lang='lat' dir='ltr'>tur?</span> <span class='ocrx_word' id='word_1_136' title='bbox 218 2140 312 2214; x_wconf 84' lang='lat' dir='ltr'>Quod</span> <span class='ocrx_word' id='word_1_137' title='bbox 326 2142 367 2202; x_wconf 91' lang='lat' dir='ltr'>ad</span> <span class='ocrx_word' id='word_1_138' title='bbox 386 2144 423 2205; x_wconf 77' lang='lat' dir='ltr'>l¹¹</span> <span class='ocrx_word' id='word_1_139' title='bbox 438 2138 885 2220; x_wconf 71' lang='lat' dir='ltr'>spectat‚.respondebimus:</span> <span class='ocrx_word' id='word_1_140' title='bbox 905 2137 1021 2202; x_wconf 85' lang='lat' dir='ltr'>Omitto</span> <span class='ocrx_word' id='word_1_141' title='bbox 1046 2151 1113 2204; x_wconf 85' lang='lat' dir='ltr'>ant.</span> <span class='ocrx_word' id='word_1_142' title='bbox 1143 2139 1223 2221; x_wconf 78' lang='lat' dir='ltr'>ejus·</span> 
     </span>
     <span class='ocr_line' id='line_1_20' title="bbox 127 2238 1224 2324; baseline -0.001 -21"><span class='ocrx_word' id='word_1_143' title='bbox 127 2241 505 2324; x_wconf 58' lang='lat' dir='ltr'>commilitonemque</span> <span class='ocrx_word' id='word_1_144' title='bbox 519 2257 592 2303; x_wconf 88' lang='lat' dir='ltr'>vera</span> <span class='ocrx_word' id='word_1_145' title='bbox 609 2238 744 2319; x_wconf 88' lang='lat' dir='ltr'>quidem</span> <span class='ocrx_word' id='word_1_146' title='bbox 761 2239 942 2313; x_wconf 87' lang='lat' dir='ltr'>continent,</span> <span class='ocrx_word' id='word_1_147' title='bbox 953 2238 1009 2301; x_wconf 91' lang='lat' dir='ltr'>sed</span> <span class='ocrx_word' id='word_1_148' title='bbox 1022 2238 1101 2301; x_wconf 91' lang='lat' dir='ltr'>alibi</span> <span class='ocrx_word' id='word_1_149' title='bbox 1117 2241 1224 2320; x_wconf 82' lang='lat' dir='ltr'>expli·</span> 
     </span>
     <span class='ocr_line' id='line_1_21' title="bbox 129 2327 1262 2422; baseline -0.002 -20"><span class='ocrx_word' id='word_1_150' title='bbox 129 2341 245 2404; x_wconf 89' lang='lat' dir='ltr'>canda.</span> <span class='ocrx_word' id='word_1_151' title='bbox 275 2341 358 2422; x_wconf 67' lang='lat' dir='ltr'>nepo</span> <span class='ocrx_word' id='word_1_152' title='bbox 382 2340 628 2420; x_wconf 83' lang='lat' dir='ltr'>consequentium</span> <span class='ocrx_word' id='word_1_153' title='bbox 652 2346 679 2399; x_wconf 85' lang='lat' dir='ltr'>et</span> <span class='ocrx_word' id='word_1_154' title='bbox 702 2337 889 2417; x_wconf 78' lang='lat' dir='ltr'>paritatem-,-</span> <span class='ocrx_word' id='word_1_155' title='bbox 907 2355 982 2399; x_wconf 90' lang='lat' dir='ltr'>nam</span> <span class='ocrx_word' id='word_1_156' title='bbox 998 2337 1068 2399; x_wconf 89' lang='lat' dir='ltr'>haec</span> <span class='ocrx_word' id='word_1_157' title='bbox 1084 2338 1221 2418; x_wconf 72' lang='lat' dir='ltr'>paritas,</span> <span class='ocrx_word' id='word_1_158' title='bbox 1259 2327 1262 2331; x_wconf 65' lang='grc'><strong>’</strong></span> 
     </span>
     <span class='ocr_line' id='line_1_22' title="bbox 128 2436 1222 2518; baseline -0.002 -17"><span class='ocrx_word' id='word_1_159' title='bbox 128 2450 168 2502; x_wconf 88' lang='lat' dir='ltr'>ut</span> <span class='ocrx_word' id='word_1_160' title='bbox 181 2439 296 2503; x_wconf 89' lang='lat' dir='ltr'>scribit</span> <span class='ocrx_word' id='word_1_161' title='bbox 319 2438 512 2502; x_wconf 80' lang='lat' dir='ltr'>Ptolemaeus</span> <span class='ocrx_word' id='word_1_162' title='bbox 528 2455 626 2518; x_wconf 88' lang='lat' dir='ltr'>quem</span> <span class='ocrx_word' id='word_1_163' title='bbox 642 2453 742 2516; x_wconf 89' lang='lat' dir='ltr'>supra</span> <span class='ocrx_word' id='word_1_164' title='bbox 759 2436 899 2511; x_wconf 87' lang='lat' dir='ltr'>laudavi,</span> <span class='ocrx_word' id='word_1_165' title='bbox 919 2459 933 2494; x_wconf 76' lang='lat' dir='ltr'>u</span> <span class='ocrx_word' id='word_1_166' title='bbox 957 2446 1005 2498; x_wconf 89' lang='lat' dir='ltr'>est</span> <span class='ocrx_word' id='word_1_167' title='bbox 1035 2437 1222 2501; x_wconf 84' lang='lat' dir='ltr'>innumeris</span> 
     </span>
     <span class='ocr_line' id='line_1_23' title="bbox 132 2536 1219 2618; baseline 0.004 -22"><span class='ocrx_word' id='word_1_168' title='bbox 132 2561 146 2596; x_wconf 74' lang='lat' dir='ltr'>e</span> <span class='ocrx_word' id='word_1_169' title='bbox 172 2537 283 2601; x_wconf 84' lang='lat' dir='ltr'>affecta</span> <span class='ocrx_word' id='word_1_170' title='bbox 297 2537 555 2618; x_wconf 87' lang='lat' dir='ltr'>disparitatibus,</span> <span class='ocrx_word' id='word_1_171' title='bbox 566 2545 725 2616; x_wconf 90' lang='lat' dir='ltr'>quantum</span> <span class='ocrx_word' id='word_1_172' title='bbox 738 2536 889 2597; x_wconf 84' lang='lat' dir='ltr'>videlicet</span> <span class='ocrx_word' id='word_1_173' title='bbox 903 2536 1036 2597; x_wconf 89' lang='lat' dir='ltr'>interest</span> <span class='ocrx_word' id='word_1_174' title='bbox 1049 2536 1133 2598; x_wconf 90' lang='lat' dir='ltr'>inter</span> <span class='ocrx_word' id='word_1_175' title='bbox 1146 2539 1219 2600; x_wconf 89' lang='lat' dir='ltr'>ani·</span> 
     </span>
     <span class='ocr_line' id='line_1_24' title="bbox 131 2632 1218 2715; baseline 0.002 -21"><span class='ocrx_word' id='word_1_176' title='bbox 131 2661 146 2694; x_wconf 88' lang='lat'>«</span> <span class='ocrx_word' id='word_1_177' title='bbox 169 2634 698 2715; x_wconf 87' lang='lat' dir='ltr'>-mamratioualem,spiritualem,</span> <span class='ocrx_word' id='word_1_178' title='bbox 710 2652 768 2712; x_wconf 91' lang='lat' dir='ltr'>per</span> <span class='ocrx_word' id='word_1_179' title='bbox 780 2632 1065 2708; x_wconf 83' lang='lat' dir='ltr'>sesutsistentem,</span> <span class='ocrx_word' id='word_1_180' title='bbox 1080 2633 1218 2698; x_wconf 90' lang='lat' dir='ltr'>immor-</span> 
     </span>
     <span class='ocr_line' id='line_1_25' title="bbox 131 2730 1217 2812; baseline 0.002 -20"><span class='ocrx_word' id='word_1_181' title='bbox 131 2737 280 2809; x_wconf 73' lang='lat' dir='ltr'>atalem,</span> <span class='ocrx_word' id='word_1_182' title='bbox 313 2743 345 2796; x_wconf 93' lang='lat' dir='ltr'>et</span> <span class='ocrx_word' id='word_1_183' title='bbox 376 2734 526 2795; x_wconf 83' lang='lat' dir='ltr'>entitatos</span> <span class='ocrx_word' id='word_1_184' title='bbox 559 2731 716 2812; x_wconf 90' lang='lat' dir='ltr'>quasdam</span> <span class='ocrx_word' id='word_1_185' title='bbox 749 2748 936 2811; x_wconf 69' lang='lat' dir='ltr'>corporeas</span> <span class='ocrx_word' id='word_1_186' title='bbox 969 2730 1217 2811; x_wconf 85' lang='lat' dir='ltr'>corruptibiles,</span> 
     </span>
     <span class='ocr_line' id='line_1_26' title="bbox 129 2829 1218 2914; baseline 0 -21"><span class='ocrx_word' id='word_1_187' title='bbox 129 2859 144 2893; x_wconf 75' lang='grc' dir='ltr'>ι</span> <span class='ocrx_word' id='word_1_188' title='bbox 172 2834 386 2914; x_wconf 85' lang='lat' dir='ltr'>incompletas</span> <span class='ocrx_word' id='word_1_189' title='bbox 402 2836 460 2912; x_wconf 68' lang='lat' dir='ltr'>(s).</span> <span class='ocrx_word' id='word_1_190' title='bbox 478 2855 491 2891; x_wconf 75' lang='lat' dir='ltr'>a</span> <span class='ocrx_word' id='word_1_191' title='bbox 509 2831 694 2894; x_wconf 87' lang='lat' dir='ltr'>Notandum</span> <span class='ocrx_word' id='word_1_192' title='bbox 717 2838 748 2891; x_wconf 89' lang='lat' dir='ltr'>et</span> <span class='ocrx_word' id='word_1_193' title='bbox 765 2829 874 2893; x_wconf 86' lang='lat' dir='ltr'>illud:</span> <span class='ocrx_word' id='word_1_194' title='bbox 902 2846 967 2891; x_wconf 89' lang='lat' dir='ltr'>non</span> <span class='ocrx_word' id='word_1_195' title='bbox 995 2829 1035 2890; x_wconf 89' lang='lat' dir='ltr'>ab</span> <span class='ocrx_word' id='word_1_196' title='bbox 1061 2831 1218 2893; x_wconf 89' lang='lat' dir='ltr'>omnibus</span> 
     </span>
     <span class='ocr_line' id='line_1_27' title="bbox 127 2927 1219 3012; baseline -0.004 -17"><span class='ocrx_word' id='word_1_197' title='bbox 127 2933 335 2996; x_wconf 84' lang='lat' dir='ltr'>scholasticis</span> <span class='ocrx_word' id='word_1_198' title='bbox 351 2933 414 2994; x_wconf 89' lang='lat' dir='ltr'>boc</span> <span class='ocrx_word' id='word_1_199' title='bbox 429 2939 657 3012; x_wconf 74' lang='lat' dir='ltr'>argumentum</span> <span class='ocrx_word' id='word_1_200' title='bbox 673 2927 836 3005; x_wconf 88' lang='lat' dir='ltr'>adbiberi,</span> <span class='ocrx_word' id='word_1_201' title='bbox 853 2928 909 2989; x_wconf 90' lang='lat' dir='ltr'>sed</span> <span class='ocrx_word' id='word_1_202' title='bbox 923 2946 940 2989; x_wconf 89' lang='lat' dir='ltr'>a</span> <span class='ocrx_word' id='word_1_203' title='bbox 956 2928 1035 2990; x_wconf 87' lang='lat' dir='ltr'>solis</span> <span class='ocrx_word' id='word_1_204' title='bbox 1051 2929 1219 2993; x_wconf 85' lang='lat' dir='ltr'>themistis</span> 
     </span>
     <span class='ocr_line' id='line_1_28' title="bbox 126 3027 1216 3113; baseline -0.006 -17"><span class='ocrx_word' id='word_1_205' title='bbox 126 3034 187 3113; x_wconf 86' lang='lat' dir='ltr'>qui</span> <span class='ocrx_word' id='word_1_206' title='bbox 204 3032 433 3096; x_wconf 82' lang='lat' dir='ltr'>existimabant</span> <span class='ocrx_word' id='word_1_207' title='bbox 448 3032 556 3112; x_wconf 92' lang='lat' dir='ltr'>ipsum</span> <span class='ocrx_word' id='word_1_208' title='bbox 576 3047 647 3091; x_wconf 89' lang='lat' dir='ltr'>esse</span> <span class='ocrx_word' id='word_1_209' title='bbox 660 3028 809 3109; x_wconf 86' lang='lat' dir='ltr'>corporis</span> <span class='ocrx_word' id='word_1_210' title='bbox 821 3027 859 3090; x_wconf 89' lang='lat' dir='ltr'>ab</span> <span class='ocrx_word' id='word_1_211' title='bbox 875 3029 983 3088; x_wconf 90' lang='lat' dir='ltr'>anima</span> <span class='ocrx_word' id='word_1_212' title='bbox 999 3029 1140 3108; x_wconf 88' lang='lat' dir='ltr'>pendere</span> <span class='ocrx_word' id='word_1_213' title='bbox 1155 3049 1163 3105; x_wconf 90' lang='grc'><strong>;</strong></span> <span class='ocrx_word' id='word_1_214' title='bbox 1182 3032 1216 3091; x_wconf 88' lang='lat' dir='ltr'>id</span> 
     </span>
     <span class='ocr_line' id='line_1_29' title="bbox 128 3126 703 3212; baseline -0.005 -17"><span class='ocrx_word' id='word_1_215' title='bbox 128 3134 220 3212; x_wconf 87' lang='lat' dir='ltr'>quod</span> <span class='ocrx_word' id='word_1_216' title='bbox 237 3131 376 3194; x_wconf 83' lang='lat' dir='ltr'>scotistae</span> <span class='ocrx_word' id='word_1_217' title='bbox 391 3131 515 3212; x_wconf 91' lang='lat' dir='ltr'>aliique</span> <span class='ocrx_word' id='word_1_218' title='bbox 531 3126 703 3209; x_wconf 77' lang='lat' dir='ltr'>negabant.</span> 
     </span>
     <span class='ocr_line' id='line_1_30' title="bbox 169 3225 1218 3312; baseline -0.003 -18"><span class='ocrx_word' id='word_1_219' title='bbox 169 3232 212 3294; x_wconf 70' lang='lat'>2¹²</span> <span class='ocrx_word' id='word_1_220' title='bbox 222 3228 361 3312; x_wconf 74' lang='lat' dir='ltr'>Negotur</span> <span class='ocrx_word' id='word_1_221' title='bbox 372 3236 481 3292; x_wconf 83' lang='lat' dir='ltr'>lotum.</span> <span class='ocrx_word' id='word_1_222' title='bbox 494 3225 761 3294; x_wconf 86' lang='lat' dir='ltr'>Nam-materiam</span> <span class='ocrx_word' id='word_1_223' title='bbox 776 3225 917 3307; x_wconf 91' lang='lat' dir='ltr'>primam</span> <span class='ocrx_word' id='word_1_224' title='bbox 933 3245 1002 3289; x_wconf 89' lang='lat' dir='ltr'>esse</span> <span class='ocrx_word' id='word_1_225' title='bbox 1015 3245 1112 3290; x_wconf 90' lang='lat' dir='ltr'>unam</span> <span class='ocrx_word' id='word_1_226' title='bbox 1126 3245 1218 3291; x_wconf 88' lang='lat' dir='ltr'>com·</span> 
     </span>
     <span class='ocr_line' id='line_1_31' title="bbox 124 3324 1218 3409; baseline -0.002 -17"><span class='ocrx_word' id='word_1_227' title='bbox 124 3346 332 3409; x_wconf 88' lang='lat' dir='ltr'>munemque</span> <span class='ocrx_word' id='word_1_228' title='bbox 347 3327 445 3390; x_wconf 89' lang='lat' dir='ltr'>rebus</span> <span class='ocrx_word' id='word_1_229' title='bbox 460 3326 626 3400; x_wconf 89' lang='lat' dir='ltr'>omnibus,</span> <span class='ocrx_word' id='word_1_230' title='bbox 641 3324 781 3405; x_wconf 86' lang='lat' dir='ltr'>gratuito</span> <span class='ocrx_word' id='word_1_231' title='bbox 797 3325 964 3400; x_wconf 88' lang='lat' dir='ltr'>asseritur,</span> <span class='ocrx_word' id='word_1_232' title='bbox 978 3336 1009 3387; x_wconf 91' lang='lat' dir='ltr'>et</span> <span class='ocrx_word' id='word_1_233' title='bbox 1023 3324 1139 3387; x_wconf 84' lang='lat' dir='ltr'>falsum</span> <span class='ocrx_word' id='word_1_234' title='bbox 1155 3338 1218 3391; x_wconf 87' lang='lat' dir='ltr'>est.</span> 
     </span>
     <span class='ocr_line' id='line_1_32' title="bbox 126 3423 1218 3506; baseline -0.001 -19"><span class='ocrx_word' id='word_1_235' title='bbox 126 3427 260 3490; x_wconf 84' lang='lat' dir='ltr'>Falsum</span> <span class='ocrx_word' id='word_1_236' title='bbox 285 3425 436 3506; x_wconf 87' lang='lat' dir='ltr'>proinde,</span> <span class='ocrx_word' id='word_1_237' title='bbox 460 3443 511 3487; x_wconf 90' lang='lat' dir='ltr'>res</span> <span class='ocrx_word' id='word_1_238' title='bbox 541 3423 722 3486; x_wconf 92' lang='lat' dir='ltr'>secundum</span> <span class='ocrx_word' id='word_1_239' title='bbox 751 3423 968 3484; x_wconf 85' lang='lat' dir='ltr'>substantiam</span> <span class='ocrx_word' id='word_1_240' title='bbox 992 3423 1162 3505; x_wconf 78' lang='lat' dir='ltr'>distingui,</span> <span class='ocrx_word' id='word_1_241' title='bbox 1186 3426 1218 3488; x_wconf 89' lang='lat' dir='ltr'>vi</span> 
     </span>
    </p>
   </div>
   <div class='ocr_carea' id='block_1_5' title="bbox 128 3507 1328 3602">
    <p class='ocr_par' dir='ltr' id='par_1_5' title="bbox 128 3507 1328 3602">
     <span class='ocr_line' id='line_1_33' title="bbox 128 3507 1328 3602; baseline -0.003 -14"><span class='ocrx_word' id='word_1_242' title='bbox 128 3525 238 3589; x_wconf 91' lang='lat' dir='ltr'>solum</span> <span class='ocrx_word' id='word_1_243' title='bbox 254 3523 367 3587; x_wconf 83' lang='lat' dir='ltr'>iormae</span> <span class='ocrx_word' id='word_1_244' title='bbox 381 3521 616 3586; x_wconf 87' lang='lat' dir='ltr'>substantialis.</span> <span class='ocrx_word' id='word_1_245' title='bbox 631 3507 775 3602; x_wconf 79' lang='lat' dir='ltr'>Corpora</span> <span class='ocrx_word' id='word_1_246' title='bbox 791 3521 954 3601; x_wconf 89' lang='lat' dir='ltr'>simplicia</span> <span class='ocrx_word' id='word_1_247' title='bbox 970 3520 1220 3602; x_wconf 89' lang='lat' dir='ltr'>distinguuntur</span> <span class='ocrx_word' id='word_1_248' title='bbox 1325 3534 1328 3540; x_wconf 88' lang='grc'><strong>’</strong></span> 
     </span>
    </p>
   </div>
   <div class='ocr_carea' id='block_1_6' title="bbox 127 3620 1225 3897">
    <p class='ocr_par' dir='ltr' id='par_1_6' title="bbox 127 3620 1225 3897">
     <span class='ocr_line' id='line_1_34' title="bbox 127 3620 1220 3702; baseline -0.003 -16"><span class='ocrx_word' id='word_1_249' title='bbox 127 3623 310 3686; x_wconf 84' lang='lat' dir='ltr'>secundum</span> <span class='ocrx_word' id='word_1_250' title='bbox 327 3622 541 3685; x_wconf 87' lang='lat' dir='ltr'>substantiam</span> <span class='ocrx_word' id='word_1_251' title='bbox 558 3640 617 3702; x_wconf 91' lang='lat' dir='ltr'>per</span> <span class='ocrx_word' id='word_1_252' title='bbox 628 3638 681 3697; x_wconf 89' lang='lat' dir='ltr'>se;</span> <span class='ocrx_word' id='word_1_253' title='bbox 700 3620 798 3682; x_wconf 83' lang='lat' dir='ltr'>mixta</span> <span class='ocrx_word' id='word_1_254' title='bbox 814 3638 889 3682; x_wconf 85' lang='lat' dir='ltr'>vero</span> <span class='ocrx_word' id='word_1_255' title='bbox 905 3621 1086 3682; x_wconf 90' lang='lat' dir='ltr'>secundum</span> <span class='ocrx_word' id='word_1_256' title='bbox 1110 3621 1220 3683; x_wconf 87' lang='lat' dir='ltr'>diver·</span> 
     </span>
     <span class='ocr_line' id='line_1_35' title="bbox 128 3718 835 3800; baseline -0.004 -17"><span class='ocrx_word' id='word_1_257' title='bbox 128 3722 258 3784; x_wconf 86' lang='lat' dir='ltr'>sitalem</span> <span class='ocrx_word' id='word_1_258' title='bbox 274 3721 530 3784; x_wconf 89' lang='lat' dir='ltr'>substantiarum</span> <span class='ocrx_word' id='word_1_259' title='bbox 549 3718 835 3800; x_wconf 87' lang='lat' dir='ltr'>componentium.</span> 
     </span>
     <span class='ocr_line' id='line_1_36' title="bbox 172 3817 1225 3897; baseline 0.001 -16"><span class='ocrx_word' id='word_1_260' title='bbox 172 3819 220 3881; x_wconf 87' lang='lat' dir='ltr'>Ad</span> <span class='ocrx_word' id='word_1_261' title='bbox 236 3819 276 3882; x_wconf 69' lang='lat'>5¹³</span> <span class='ocrx_word' id='word_1_262' title='bbox 294 3819 374 3882; x_wconf 83' lang='lat' dir='ltr'>Dist.</span> <span class='ocrx_word' id='word_1_263' title='bbox 388 3817 484 3881; x_wconf 93' lang='lat' dir='ltr'>Nulla</span> <span class='ocrx_word' id='word_1_264' title='bbox 495 3828 578 3881; x_wconf 88' lang='lat' dir='ltr'>esset</span> <span class='ocrx_word' id='word_1_265' title='bbox 590 3817 769 3897; x_wconf 85' lang='lat' dir='ltr'>generatio,</span> <span class='ocrx_word' id='word_1_266' title='bbox 783 3835 840 3879; x_wconf 85' lang='lat' dir='ltr'>seu</span> <span class='ocrx_word' id='word_1_267' title='bbox 849 3817 1225 3882; x_wconf 88' lang='lat' dir='ltr'>mutatiosuhstantialis</span> 
     </span>
    </p>
   </div>
   <div class='ocr_carea' id='block_1_7' title="bbox 165 3946 680 4084">
    <p class='ocr_par' dir='ltr' id='par_1_7' title="bbox 165 3946 680 4084">
     <span class='ocr_line' id='line_1_37' title="bbox 165 3946 680 4021; baseline -0.002 -26"><span class='ocrx_word' id='word_1_268' title='bbox 165 3950 196 4021; x_wconf 73' lang='lat' dir='ltr'>(l)</span> <span class='ocrx_word' id='word_1_269' title='bbox 206 3948 304 3994; x_wconf 81' lang='lat' dir='ltr'>suarez.</span> <span class='ocrx_word' id='word_1_270' title='bbox 316 3950 384 4007; x_wconf 81' lang='lat' dir='ltr'>bisp.</span> <span class='ocrx_word' id='word_1_271' title='bbox 394 3956 450 3995; x_wconf 87' lang='lat' dir='ltr'>met.</span> <span class='ocrx_word' id='word_1_272' title='bbox 463 3949 514 3995; x_wconf 83' lang='lat' dir='ltr'>XV.</span> <span class='ocrx_word' id='word_1_273' title='bbox 522 3956 581 3995; x_wconf 87' lang='lat' dir='ltr'>sect.</span> <span class='ocrx_word' id='word_1_274' title='bbox 591 3949 603 4003; x_wconf 73' lang='lat' dir='ltr'>t</span> <span class='ocrx_word' id='word_1_275' title='bbox 614 3946 680 3994; x_wconf 88' lang='lat' dir='ltr'>lllll.</span> 
     </span>
     <span class='ocr_line' id='line_1_38' title="bbox 165 4022 590 4084; baseline -0.012 -12"><span class='ocrx_word' id='word_1_276' title='bbox 165 4026 195 4084; x_wconf 75' lang='lat' dir='ltr'>i²l</span> <span class='ocrx_word' id='word_1_277' title='bbox 212 4022 270 4072; x_wconf 75' lang='lat' dir='ltr'>riu</span> <span class='ocrx_word' id='word_1_278' title='bbox 287 4025 372 4072; x_wconf 81' lang='lat' dir='ltr'>mentis</span> <span class='ocrx_word' id='word_1_279' title='bbox 383 4031 406 4071; x_wconf 84' lang='lat' dir='ltr'>et</span> <span class='ocrx_word' id='word_1_280' title='bbox 415 4034 528 4071; x_wconf 77' lang='lat' dir='ltr'>sensuum</span> <span class='ocrx_word' id='word_1_281' title='bbox 539 4022 558 4068; x_wconf 91' lang='lat' dir='ltr'>l.</span> <span class='ocrx_word' id='word_1_282' title='bbox 569 4033 590 4069; x_wconf 89' lang='lat' dir='ltr'>e.</span> 
     </span>
    </p>
   </div>
   <div class='ocr_carea' id='block_1_8' title="bbox 0 0 1400 4600">
    <p class='ocr_par' dir='ltr' id='par_1_8' title="bbox 0 0 1400 4600">
     <span class='ocr_line' id='line_1_39' title="bbox 0 0 1400 4600; baseline 0 3"><span class='ocrx_word' id='word_1_283' title='bbox 0 0 1400 4600; x_wconf 95' lang='lat' dir='ltr'> </span> 
     </span>
    </p>
   </div>
  </div>
 </body>
</html>
