2792 4600
442 392 529 441 tinen
550 387 786 453 possusumus
808 397 836 442 v.
1122 379 1185 444 279

106 518 241 595 quatuor
266 508 395 589 punctis
421 517 584 586 constane,
613 510 744 592 longior
764 512 831 575 erit
863 511 950 577 lineu
983 522 1183 595 punctorum

102 609 219 686 trium3
235 608 363 690 eritque
378 607 509 689 longior
522 608 649 673 ratione
665 610 764 674 unius
778 612 891 693 puncti
908 631 974 694 qno
987 622 1118 696 superet
1134 614 1181 678 ul·

102 721 212 776 terem.
229 701 297 771 lloc
312 712 405 787 pecto
426 706 460 769 id
476 707 564 789 quod
580 707 706 771 wnullum
721 709 962 791 longitudinem
980 711 1089 789 habet,
1107 712 1180 777 lou·

27 827 29 830 ·
103 805 239 893 gltndini
255 807 390 869 ulterius
406 808 646 870 incrementum
661 808 764 873 affert.

140 907 173 971 5⁰
193 904 266 970 Sint
290 906 357 969 dun
379 905 527 981 mobilis,
544 923 687 987 quorum
711 909 853 987 primum
884 918 1052 972 moveatur
1079 909 1181 991 duplo

102 1005 241 1069 uelocius
256 1004 376 1081 eiter03
391 1013 581 1085 percurrent
592 1012 701 1065 eutem
711 1004 808 1069 umbo
820 1004 1061 1087 longitudinem
1074 1007 1181 1070 tribus

102 1101 227 1187 punctis
250 1110 464 1165 constantem.
494 1100 677 1164 Adversarii
701 1102 847 1184 proiecto
872 1120 989 1185 negare
1013 1113 1182 1184 nequeunt

98 1200 289 1287 hujusmodl
303 1200 511 1283 hypothesim
525 1200 716 1281 possibilem
731 1219 811 1265 esse.
825 1202 888 1265 Sed
905 1201 987 1266 iectu
1000 1205 1061 1266 huc
1077 1205 1180 1285 hypo·

27 1295 28 1332 ³
100 1302 193 1378 thesi,
212 1300 294 1382 quid
310 1297 544 1379 consequimini
566 1298 647 1361 Cum
662 1316 702 1361 eo
717 1307 865 1380 tempore
880 1317 947 1381 quo
972 1301 1095 1365 mobile
1111 1304 1178 1382 pri·

101 1415 186 1465 mum
209 1398 318 1461 datum
340 1396 581 1478 longitudinem
604 1397 778 1477 percurrit,
795 1398 918 1462 mobile
933 1399 1071 1463 alterum
1093 1399 1181 1481 eius·
1210 1433 1214 1441 ·

100 1500 170 1564 dem
187 1497 366 1560 dimidium
381 1505 562 1578 percurret,
578 1496 803 1578 consequitur,
818 1516 884 1578 quo
896 1508 1044 1579 tempere
1056 1499 1180 1563 mobile

100 1599 242 1680 primum
260 1595 323 1658 triu
344 1603 464 1676 punctu
480 1595 607 1670 transit,
627 1595 752 1658 mobile
766 1596 906 1659 alterum
922 1598 1062 1660 trsnsire
1076 1616 1180 1662 unum

99 1704 256 1780 punctum
271 1712 346 1757 cum
362 1694 474 1775 puncti
499 1694 658 1772 dimidio;
675 1711 776 1775 quere
791 1703 949 1775 punctum
973 1696 1181 1761 indivisibile

98 1792 276 1869 dividetur,
293 1792 327 1853 id
342 1791 430 1872 quod
448 1807 582 1872 prorsus
602 1799 774 1871 repugnet.

134 1893 167 1959 l⁰
188 1890 235 1954 Ex
250 1891 383 1954 duobus
397 1890 531 1952 circulis
546 1889 764 1953 concentrieis
779 1889 861 1952 ulter
876 1889 980 1954 altero
995 1892 1180 1956 necessario

97 2002 142 2057 cst
156 1993 275 2073 major.
292 1988 529 2063 Nihilominus,
552 1987 580 2049 nl
597 2003 670 2049 vere
690 1994 740 2049 est
755 1986 916 2049 sententie
943 1986 1097 2065 Zenonis,
1115 1989 1181 2051 cir·

26 2141 27 2178 p
97 2093 159 2158 culi
174 2090 378 2157 concentrici
394 2088 535 2170 eequnles
551 2086 682 2150 dicendi
697 2096 786 2149 sunt.
809 2085 843 2149 Si
867 2087 956 2149 enim
972 2086 1103 2168 punctis
1118 2087 1181 2150 eir·

96 2194 157 2259 culi
184 2200 348 2266 constent,
377 2189 401 2252 ii
427 2188 543 2251 circuli
565 2195 639 2248 sunt
654 2186 807 2268 aequnles,
825 2186 882 2267 qui
899 2185 1015 2249 eodem
1030 2195 1181 2249 constent

25 2342 26 2359 i
97 2302 293 2374 punctorum
309 2305 459 2353 numero.
477 2285 514 2349 ln
529 2286 688 2349 sententia
702 2303 780 2348 vero
797 2285 869 2359 hec,
886 2284 1027 2348 circulus
1041 2284 1181 2349 interior

95 2390 207 2457 eodem
220 2405 361 2453 numero
373 2395 571 2468 punctorum
581 2390 730 2447 constare
741 2381 901 2447 dicendus
912 2390 1180 2463 est,qunconstet
1229 2382 1237 2397 ‘

96 2490 246 2557 exterior.
261 2487 342 2551 Cum
358 2487 445 2550 enim
461 2501 479 2546 e
495 2482 644 2565 quolibet
659 2480 856 2563 peripheriae
872 2492 995 2562 puncto
1010 2481 1087 2545 duci
1103 2500 1179 2562 pos·

96 2589 135 2652 sit
154 2587 271 2650 radius
294 2584 334 2646 ed
361 2593 523 2658 centrum,
547 2598 681 2662 possum
702 2596 780 2642 sene
803 2579 1018 2659 conciperes
1040 2578 1179 2660 siugulis

96 2687 207 2752 circuli
223 2682 397 2748 exterioris
413 2680 546 2762 punctis
560 2678 672 2742 radios
686 2677 857 2740 deductos.
874 2675 937 2740 Sed
955 2677 989 2739 hi
1005 2676 1090 2739 radii
1106 2695 1178 2740 om·

96 2805 149 2850 nee
163 2785 199 2848 in
215 2803 279 2848 suo
298 2783 338 2845 ad
354 2789 503 2845 centrum
519 2778 636 2840 itinere
652 2795 710 2858 per
724 2775 861 2857 aliquod
878 2775 1045 2839 interioris
1060 2775 1177 2839 circuli

95 2893 253 2968 puuctum
279 2887 444 2944 transeant
469 2895 601 2940 necesse
626 2887 685 2939 est.
712 2875 786 2939 Non
809 2883 947 2954 possunt
970 2881 1079 2937 autem
1105 2872 1176 2936 bini

95 2985 172 3049 radii
190 2980 352 3064 peridem
369 2987 526 3061 punctum
539 2966 677 3038 minoris
690 2973 807 3037 circuli
819 2973 976 3051 transire3
990 2973 1076 3036 binae
1088 2975 1177 3037 enim
1193 3006 1200 3013 ι

91 3092 183 3147 rectae
205 3098 282 3163 quae
304 3079 371 3141 duo
393 3084 514 3157 puncto
534 3073 722 3138 communia
747 3071 879 3147 habent,
903 3088 971 3134 non
993 3079 1070 3133 sunt
1091 3071 1177 3134 binae

25 3224 26 3265 y
94 3190 196 3259 reete,
224 3180 282 3244 sed
308 3195 384 3241 uua.
401 3177 487 3255 Ergo
501 3180 549 3236 tot
565 3179 661 3235 erunt
677 3181 797 3253 punctu
814 3170 849 3233 in
876 3169 1024 3232 interiori
1052 3169 1177 3235 circulo

93 3293 168 3367 quot
184 3281 270 3345 radii
286 3279 328 3342 eb
342 3275 495 3342 exteriori
512 3274 692 3349 ducuntur3
709 3280 756 3336 tot
767 3287 885 3352 nempe
896 3278 994 3334 erunt
1007 3279 1127 3351 puncta
1140 3270 1175 3334 in

93 3379 314 3454 consimulo,
331 3385 412 3457 quot
428 3372 553 3437 suntin
569 3372 681 3434 altero.

128 3481 214 3546 ilinc
226 3476 324 3540 lueile
337 3474 505 3556 probetur,
522 3471 558 3534 in
574 3471 635 3531 huc
652 3468 824 3550 hypothesi
841 3474 971 3531 motum.
983 3466 1175 3530 circularem

25 3560 26 3563 ¹
92 3575 333 3660 impossibilem
349 3591 430 3637 esse.
447 3570 482 3633 ln
499 3581 591 3632 motu
606 3567 695 3630 eninr
711 3565 864 3630 circulari
889 3565 1017 3646 singule
1037 3582 1176 3646 quaeque

90 3676 169 3743 redii
185 3680 308 3757 puncta
324 3669 469 3736 todidem
481 3669 622 3732 circulos
637 3666 863 3729 concentu-icus·
879 3663 1083 3727 describunt.
1095 3663 1176 3726 Mul·
1245 3679 1248 3685 ·

25 3780 26 3785 ’
90 3772 263 3856 tuque-eliu
275 3766 540 3851 possentallerri,
554 3762 675 3847 quibus
687 3762 883 3838 ostenditur,
895 3779 1011 3826 omnes
1023 3759 1090 3824 iere
1101 3778 1176 3842 geo·
1265 3815 1267 3819 .

90 3881 269 3936 metrorum
285 3865 465 3950 positiones
483 3865 541 3925 huc
558 3860 729 3943 hypothesi
755 3859 883 3924 subrui.
907 3859 945 3922 V.
962 3858 1174 3923 Benedictum

90 3969 260 4034 Pererium
276 3967 348 4032 Lib.
365 3965 404 4029 x.
424 3963 578 4027 lictorum
592 3960 757 4043 principiis
773 3962 822 4037 (t).

142 4086 174 4141 (t)
185 4083 213 4132 c.
225 4081 295 4130 xiil.
