2792 4600
467 365 553 413 tisun
574 367 695 425 rerum,
719 366 811 413 carun
833 368 861 411 v.
1140 348 1201 414 nat

118 480 301 546 musenim
323 480 364 544 de
387 480 606 560 possibilitate
629 482 763 561 infiniti,
785 477 973 566 compositi,
996 502 1069 567 quae
1096 483 1202 548 iuclu-

117 579 207 643 ditur
221 579 257 644 in
272 578 498 646 divisibiliiate
510 580 638 646 infinita
653 582 810 648 materie.

156 678 190 742 2⁰
202 680 406 761 supponitur
419 698 551 762 quoqne
563 683 786 766 extensionem
799 701 866 748 non
879 684 1121 766 phaenomenon
1132 700 1203 747 esse

26 817 30 840 1
116 777 173 842 sed
190 777 316 858 aliquid
332 778 430 842 reale.
450 778 517 843 Hoc
532 786 641 843 autem
658 780 885 862 inquestione
900 792 948 844 est
966 784 1016 861 (1).

158 876 230 942 idi.
255 876 318 939 Sed
335 875 440 940 facilis
456 876 519 940 erit
533 875 572 938 ad
591 878 659 940 haec
674 879 859 959 responsio.
877 878 925 941 Ad
943 882 981 943 1¹¹¹
997 878 1074 960 Nep.
1092 879 1204 945 omnia

116 982 149 1038 et
163 972 293 1053 singula
309 991 381 1054 quae
395 983 597 1038 asseruntur.
613 974 745 1039 Falsum
761 987 809 1040 est
824 976 926 1052 enim,
944 976 1086 1058 supponi
1101 978 1137 1040 in
1154 994 1205 1040 ar·

115 1082 274 1155 grumento
295 1080 416 1146 rectam
437 1072 601 1138 infinitam
623 1082 716 1154 actu;
741 1072 866 1139 tautum
889 1076 980 1140 enim
1002 1076 1203 1157 supponitur

88 1239 97 1255 ,
117 1173 245 1240 nullam
267 1190 336 1235 esse
361 1171 609 1236 determinatam
631 1181 728 1237 recta
744 1192 802 1255 per
822 1193 856 1237 se
872 1173 1130 1255 longitudinem,
1147 1172 1204 1235 sed

26 1329 27 1334 ,
123 1290 220 1356 posse
234 1280 356 1333 rectam
371 1288 502 1353 semper
516 1272 647 1353 angeri;
665 1272 701 1334 id
723 1276 811 1355 quod
833 1281 864 1336 et
883 1271 1072 1354 quantitatis
1094 1270 1206 1339 ,omnis

26 1363 27 1368 ’
117 1372 268 1435 discretae
283 1379 314 1432 et
329 1371 478 1434 omnium
494 1371 742 1436 dimensionum
765 1373 914 1437 continui
931 1370 1113 1434 essentialis
1130 1387 1211 1451 pro·-

26 1477 27 1560 ss
117 1468 241 1552 prietes
255 1476 314 1532 est.
331 1469 462 1533 Falsum
479 1487 622 1551 quoque,
639 1470 690 1551 agi
707 1471 743 1533 in
768 1472 950 1552 questione
966 1471 1026 1544 hac
1041 1469 1082 1531 de
1094 1475 1206 1530 exten·

26 1569 27 1572 ’
116 1568 215 1632 sione
230 1567 367 1641 infinita,
385 1567 493 1631 aut'de
508 1585 647 1632 numero
663 1569 794 1634 infinito
812 1588 820 1635 :
838 1549 929 1631 aliud
945 1578 993 1631 est
1013 1568 1101 1629 enim
1121 1565 1205 1629 tueri

26 1675 28 1702 t
117 1666 326 1730 indefinitam
345 1667 491 1731 materiae·
510 1668 785 1746 divisibiliiatem,
808 1667 898 1749 aliud
923 1674 1032 1748 partes
1063 1663 1206 1727 materiae

26 1797 27 1814 .
115 1765 307 1830 existimare
320 1782 460 1831 numero
472 1766 630 1832 infinitas.

88 1924 96 1936 ,
158 1862 210 1928 Ad
233 1863 273 1926 2¹²¹
293 1863 371 1945 Nep.
395 1882 527 1945 qnoque
550 1865 613 1928 hoc
634 1864 774 1927 alterum
797 1862 948 1944 supponi,
978 1868 1034 1923 aut
1060 1861 1094 1923 iu
1116 1878 1206 1942 que-

26 1981 27 2038 }
68 2005 72 2010 .
116 1960 227 2024 stione
251 1962 385 2025 versari.
412 1960 482 2024 Non
500 1962 588 2023 enim
612 1961 812 2042 supponitur
835 1959 876 2022 ab
891 1957 1064 2034 atomistis,
1080 1964 1207 2021 atomos

91 2076 193 2137 ,esse
218 2045 403 2138 quantitate
420 2059 605 2131 continuas,
633 2059 688 2123 sed
706 2056 875 2139 probatur.
899 2055 936 2117 ln
959 2054 1205 2136 praesentirem

117 2158 342 2221 controversia
366 2175 432 2222 uon
455 2158 560 2241 agitur
575 2159 616 2221 de
630 2156 831 2221 extensionis
847 2154 1005 2230 realitate,
1023 2154 1079 2217 sed
1095 2154 1136 2218 de
1151 2173 1207 2218 en·

85 2276 97 2288 “
117 2255 290 2320 tensionis·
305 2255 543 2332 divisibilitate,
566 2256 736 2338 supposita
757 2255 828 2338 ejus
850 2253 1007 2332 realitate,
1024 2271 1081 2317 seu
1097 2252 1206 2335 potius

116 2354 372 2436 praescindendo
392 2354 434 2416 ab
447 2354 516 2433 ejus
532 2355 691 2419 realitate.
730 2415 736 2427 ,

159 2454 235 2518 too.
258 2451 654 2532 difficilioralmultorunt
665 2469 739 2534 qum
750 2452 792 2514 ab
803 2449 949 2532 antiquis
960 2448 1137 2513 zenonistis
1150 2465 1207 2529 op·

114 2551 340 2633 ponebantur,
358 2550 529 2632 exquibus
544 2550 709 2632 praecipua
725 2568 801 2614 mox
816 2547 999 2613 afferemus.
1016 2547 1151 2613 Interim
1167 2565 1206 2610 ex

26 2658 27 2663 ’
116 2649 220 2715 dictis
236 2650 305 2713 haec
327 2649 546 2729 colligemus:

158 2749 196 2812 l·
217 2747 252 2812 Si
275 2749 467 2811 continuum
498 2755 648 2812 constare
670 2747 785 2827 nequit
808 2746 902 2809 linito
924 2753 1121 2825 punctorum
1145 2760 1205 2805 uu·

26 2842 27 2845 ’
115 2864 227 2924 mero,
243 2846 348 2922 multo
363 2845 473 2908 miuus
488 2864 526 2908 er
541 2845 681 2908 infinitis
698 2844 827 2925 punctis
838 2843 1025 2907 coalescere
1042 2860 1150 2924 posse.

26 3004 28 3023 ,
158 2945 385 3010 anastasin
409 2944 568 3007 continuo
593 2962 664 3007 esse
689 2944 797 3008 solum
824 2942 1032 3024 inpotentia,
1050 2960 1207 3007 nouvero

26 3068 27 3099 1
117 3054 208 3118 actu,
227 3050 377 3124 utsupra
393 3042 562 3106 innuimus
579 3042 674 3122 (155),
691 3052 723 3104 et
739 3042 823 3104 inira
840 3042 959 3104 melius
975 3039 1206 3105 declarabitur.

157 3143 196 3207 5⁰
219 3141 500 3219 Quemadmodum
523 3141 662 3215 amentia
679 3140 880 3203 extensionis
896 3156 1062 3219 corporeae
1083 3139 1116 3201 in
1133 3157 1207 3221 par-

116 3241 206 3305 tium
219 3240 396 3302 actualium
408 3238 525 3303 ordine
540 3247 572 3301 et
583 3237 789 3301 counexione
800 3237 859 3300 sita
874 3247 921 3299 est
933 3236 1030 3316 (151),
1044 3236 1088 3299 ita
1098 3255 1208 3299 essen·

115 3340 203 3403 tiam
218 3337 417 3401 extensionis
430 3335 577 3400 continui
591 3335 710 3400 ordine
721 3342 753 3400 et
764 3336 967 3399 counexione
979 3334 1121 3417 partium
1135 3338 1208 3415 pos·v
1261 3344 1265 3349 '

26 3470 27 3475 .
115 3436 271 3499 sibilium
288 3435 464 3499 contineri.

160 3536 197 3599 4·
218 3533 405 3598 Pleniorem
430 3529 579 3594 continui
602 3528 830 3592 definitionem
846 3529 928 3607 (151)
944 3545 1037 3592 erse:
1064 3531 1145 3609 quod
1167 3536 1209 3590 est

114 3633 272 3697 divisibile
298 3631 334 3694 in
358 3637 462 3712 partes
484 3627 800 3710 compediendum,
823 3645 956 3707 oacrum
976 3633 1116 3690 extrema
1135 3633 1208 3688 cunt

114 3750 233 3795 unum.
477 3748 485 3757 ·
891 3723 894 3729 '

138 3810 141 3816 ⁵
161 3832 202 3894 5⁰
222 3829 294 3893 linc
315 3838 422 3890 autem
448 3824 618 3891 indefinita
635 3822 843 3888 divisibiliter
858 3831 890 3886 te
906 3822 1044 3886 minime
1058 3823 1206 3899 terrebit,

113 3930 145 3992 ci
173 3930 296 4008 cogites
319 3924 580 4012 magnitudinem
596 3941 729 3986 omnem
745 3918 912 3985 relativam
931 3939 1013 3986 esse.
1031 3924 1208 4003 Propterea

180 4059 216 4117 (1)
230 4059 283 4107 Lar.
300 4057 341 4111 cit,
360 4122 372 4149 s
