2792 4600
180 299 222 362 28
636 317 809 364 onionoott.

221 434 327 506 Quum
344 428 482 493 essentia
498 420 587 492 extra
608 448 721 493 causas
746 449 821 493 suas
847 431 1068 506 constituitur,
1086 441 1118 495 et
1142 432 1181 495 ad
1199 433 1263 496 exi-

180 528 288 594 stendi
317 537 423 590 aetum
454 528 653 605 traducitur,
677 529 889 613 «contendunt
920 531 1095 593 adversarii
1128 521 1269 612 produci
1306 601 1308 605 ,

180 626 347 711 quoddam
363 628 583 708 compositum
599 648 637 691 ex
653 629 787 692 entitate
803 630 881 692 reali
899 649 935 692 ac
958 631 1091 711 physica
1106 630 1263 703 essentiae,

179 737 211 789 et
227 725 415 803 existentia,
443 727 600 808 illamque
625 747 659 789 se
683 727 804 789 habere
832 737 867 790 ut
893 729 1072 808 potentiam
1098 728 1263 810 physicam

179 827 219 890 ad
236 845 306 889 esse
321 827 446 888 actuale
462 828 702 907 recipiendum,
719 827 804 888 hanc
820 845 894 890 vero
919 837 954 889 ut
978 837 1097 903 actum,
1115 847 1182 909 quo
1199 831 1265 892 haec

180 925 327 1007 potentia
342 925 578 987 determinatur
591 936 687 1007 atque
704 925 900 1005 completur.

221 1042 290 1131 lam
309 1041 338 1101 l⁰
354 1038 442 1119 quod
459 1041 574 1101 entitas
586 1039 735 1101 essentiae
749 1039 891 1119 physicae
903 1039 945 1100 sit
960 1039 1103 1118 potentia
1116 1040 1263 1120 quaedam

180 1142 221 1202 ad
238 1148 345 1203 actum
361 1136 547 1221 existentia,
564 1138 663 1215 gratis
679 1137 846 1198 asseritur.
863 1138 944 1201 Nam

150 1254 152 1257 ’
223 1257 253 1330 c)
269 1253 385 1317 Omnia
402 1270 474 1332 quae
489 1251 529 1312 ad
547 1251 579 1312 id
595 1251 802 1329 probandum
825 1252 1002 1314 afferuntur
1022 1268 1222 1332 argumenta,
1237 1257 1262 1317 si

181 1352 262 1432 quid
281 1350 429 1430 probant,
450 1350 511 1410 hoc
525 1365 626 1409 unum
642 1348 792 1427 probant,
810 1349 984 1410 essentiam
1000 1360 1155 1412 creaturae
1172 1353 1263 1414 intel

182 1449 341 1529 ligibilem
358 1464 423 1509 non
441 1447 609 1508 continere
625 1445 659 1505 in
682 1445 751 1507 suis
777 1446 997 1509 constitutivis
1012 1446 1191 1509 existentiae
1207 1468 1264 1511 no·

179 1557 257 1622 tam,
274 1546 330 1608 sed
349 1544 456 1625 potins
473 1542 725 1606 indifferentiam
742 1542 782 1604 ad
802 1543 1025 1620 existendum
1042 1562 1079 1606 ac
1094 1554 1263 1625 propterea

178 1645 370 1707 existentem
382 1627 561 1705 ⁴essentiam
573 1640 613 1701 ab
629 1642 769 1702 essentia
782 1641 915 1720 praecisa
931 1650 961 1703 et
977 1642 1075 1704 ideali
1092 1642 1261 1724 distingui,

180 1754 215 1807 ut
230 1760 287 1805 cns
304 1743 337 1803 in
354 1741 499 1821 potentia
511 1740 552 1801 ab
568 1748 641 1802 ente
657 1739 691 1800 in
708 1749 780 1801 actu
799 1756 919 1820 :quam
935 1740 1181 1804 distinctionem
1194 1760 1264 1822 rea-

178 1844 243 1904 lem
260 1859 330 1903 esse
346 1857 442 1902 nemo
459 1847 563 1918 negat,
582 1846 618 1900 ut
633 1837 731 1900 modo
749 1837 903 1901 diximus.

219 1959 246 2036 h)
264 1957 404 2020 Aliunde
419 1973 495 2018 vero
512 1955 622 2017 nescio
638 1973 677 2017 an
696 1972 839 2035 unquam
855 1956 984 2018 suaderi
1003 1957 1133 2035 poterit,
1149 1957 1265 2019 entita-

176 2067 242 2121 tem
260 2041 307 2117 rei
324 2055 492 2136 physicam
507 2054 547 2115 ab
564 2054 709 2134 ejusdem
725 2053 896 2117 existentia
912 2054 1081 2136 distingui.
1097 2058 1164 2119 Hoc
1176 2058 1264 2118 enim

179 2155 378 2218 tantumdem
395 2163 443 2215 est
458 2172 495 2216 ac
510 2153 536 2214 si
554 2152 666 2216 dicas:
685 2152 718 2213 id
742 2172 808 2234 quo
832 2153 957 2235 aliquid
974 2165 1021 2217 est
1045 2154 1180 2236 physice
1196 2157 1265 2219 haec

178 2272 240 2332 res,
259 2254 390 2317 differre
405 2253 446 2315 ah
462 2271 500 2316 eo
512 2271 578 2334 quo
591 2260 640 2315 est
652 2253 786 2334 physice
800 2253 862 2317 hoc
874 2244 944 2316 ens‘.
961 2255 1117 2318 Praeterea
1130 2242 1265 2337 qui'hoc

178 2353 357 2426 contendit,
375 2353 511 2414 assumit
526 2351 594 2413 dari
613 2352 747 2432 aliquod
770 2353 914 2415 medium
931 2353 1017 2416 inter
1032 2373 1089 2416 ens
1106 2355 1265 2435 possibile

177 2464 210 2519 et
225 2473 282 2517 ens
298 2455 451 2517 existens.

218 2570 252 2631 2⁰
265 2568 427 2656 Probatur
440 2568 607 2629 entitatem
624 2567 744 2628 realem
754 2563 903 2629 ¹essentiae
917 2585 982 2629 non
997 2586 1066 2629 esse
1083 2568 1263 2645 potentiam
1340 2585 1343 2590 ’

178 2668 345 2750 physicam
362 2666 400 2727 ad
419 2665 623 2727 existentiam
650 2666 894 2746 recipiendam;
911 2666 966 2728 sed
984 2685 1055 2730 esse
1071 2667 1263 2732 existentem

177 2770 241 2830 hoc
258 2768 329 2847 ipso
345 2766 433 2846 quod
450 2765 566 2827 entitas
583 2765 678 2827 realis
693 2775 751 2829 est.
765 2765 873 2828 Unum
887 2766 1113 2829 tantummodo
1127 2766 1264 2829 brevita-

176 2868 219 2929 tis
235 2866 336 2946 gratia
352 2865 482 2927 afferam
500 2876 742 2945 argumentum.

217 2982 325 3047 Realis
340 2978 488 3041 essentiae
504 2978 619 3040 entitas
637 2978 734 3040 habet
754 2978 864 3053 omnia
881 2997 953 3058 quae
969 2996 1029 3041 nos
1046 2978 1263 3057 intelligimus

94 3063 103 3084 x
174 3079 354 3145 existentiae
379 3077 525 3139 nomine.
544 3076 627 3154 Ergo
643 3074 728 3136 nihil
755 3084 911 3155 praeterea
932 3074 1123 3155 requiritur,
1141 3077 1180 3136 ad
1200 3077 1264 3139 hoc

174 3189 210 3242 ut
226 3178 367 3240 existens
384 3174 449 3236 dici
467 3174 580 3254 possit.

218 3293 313 3357 Proh.
330 3299 396 3352 ant.
414 3287 601 3350 Existentiae
621 3287 756 3350 nomine
783 3287 816 3348 in
843 3287 942 3349 rebus
963 3288 1081 3349 creatis
1103 3286 1262 3368 intelligi-

173 3411 248 3456 mus
263 3389 402 3470 aliquid,
416 3405 474 3469 per
485 3386 573 3468 quod
589 3405 634 3448 eae
650 3387 884 3474 desinuntesse
896 3386 994 3463 nihil,
1012 3387 1263 3466 distinguuntur

171 3511 192 3555 a
208 3508 295 3553 mere
309 3484 534 3569 possibilibus,
550 3502 611 3545 nec
627 3484 660 3550 iu
675 3484 791 3546 ordine
806 3484 948 3564 amplius
961 3484 1072 3561 ideali,
1086 3494 1117 3547 et
1133 3485 1167 3546 in
1183 3503 1262 3548 cau·

130 3580 134 3587 ’
172 3605 284 3652 sarum
299 3602 432 3648 suarum
452 3583 613 3644 activitate
632 3583 854 3658 continentur,
871 3583 927 3645 sed
948 3594 1038 3646 extra
1060 3601 1172 3646 causas
1188 3601 1261 3647 rea·

172 3689 297 3752 litatem
311 3682 478 3765 physicam
491 3681 639 3744 obtinere
653 3681 834 3762 incipiunt;
848 3681 973 3764 aliquid
988 3682 1075 3763 quod
1087 3700 1154 3745 non
1166 3690 1263 3744 aeter·

173 3804 252 3849 num
269 3794 328 3857 est,
345 3782 413 3854 sed,
432 3789 691 3860 temporaneum,
706 3781 795 3861 quod
813 3780 854 3841 iis
866 3798 932 3843 non
946 3781 1129 3844 necessario
1142 3798 1261 3843 conve·

173 3884 234 3957 nit,
251 3881 306 3944 sed
329 3879 567 3958 contingenter,
585 3877 742 3957 quodque
765 3877 891 3940 idoneae
919 3896 1023 3941 causae
1050 3878 1261 3941 efficientiam

168 3980 322 4063 requirit.
339 3975 489 4041 Proiecto
504 3975 560 4038 uhi
579 3976 648 4037 naec
669 3977 781 4038 omnia
799 3976 971 4053 habentur,
990 3976 1036 4038 ihi
1052 3976 1261 4040 existentiam
