2792 4600
442 375 528 421 traxe
551 375 671 434 retunt,
695 375 787 423 creor
810 376 854 424 m.
1138 357 1199 423 259

111 487 290 573 positionis
310 507 349 552 ex
371 489 459 553 binis
474 490 677 554 realitetibus
701 491 875 554 contineri.
902 491 1082 557 Essentiale
1109 491 1198 554 enim

113 588 294 651 discrimen
310 589 480 670 utriusque
496 599 543 650 est
569 588 602 652 in
633 590 706 659 hoc.
735 587 823 671 quod
840 608 959 670 corpus
974 598 1021 653 est
1044 589 1199 652 essentia·

113 684 190 748 liter
215 694 395 761 extensum,
425 686 522 749 etiem
545 687 578 748 in
600 687 668 749 suis
697 687 824 749 ultimis
849 688 1029 765 elementis,
1052 687 1200 770 adeoque

112 783 250 866 incapax
266 802 374 866 perse
389 804 515 861 sensus,
533 785 703 867 multoque
720 785 824 866 magis
839 786 1046 851 intellectus:
1063 789 1200 868 spiritus

110 899 190 945 sero
204 892 253 945 est
268 882 485 946 essentialiter
505 883 664 946 immunis
680 901 697 945 a
714 884 905 965 quantitate,
923 883 1077 965 idemque
1102 903 1200 949 sensu

114 980 273 1062 praeditus
287 991 319 1044 et
335 983 515 1052 intellectu.

154 1079 227 1145 tlt.
252 1080 336 1145 llinc
359 1086 514 1162 retorqueo
539 1093 768 1161 aspernantem.
794 1080 976 1143 Adversarii
1010 1083 1098 1141 enim
1128 1099 1202 1144 tere

110 1178 234 1243 tollunt
248 1179 426 1243 discrimen
442 1180 526 1243 illud
547 1180 762 1261 praecipuum,
788 1180 877 1263 quod
895 1181 979 1244 inter
993 1181 1148 1262 spiritum
1165 1195 1202 1242 ac

7 1305 8 1358 3
109 1275 236 1339 :formas
248 1277 443 1351 materiales,
459 1278 636 1359 presertim
646 1296 823 1360 corporum
834 1279 1100 1353 inanimatorum,
1115 1278 1200 1359 peri·

7 1437 9 1452 ‚
112 1376 244 1457 patetici
260 1385 382 1440 veteres
398 1377 598 1441 unanimiter
613 1377 845 1457 admittebant;
863 1378 952 1460 quod
969 1397 1087 1460 nempe
1102 1376 1202 1459 spiri·

108 1481 166 1540 tus
182 1474 225 1536 ita
240 1475 282 1539 sit
302 1475 441 1556 simplex
466 1475 574 1557 quoad
597 1476 784 1552 essentiam,
803 1485 839 1540 ut
861 1467 1050 1540 extensione
1073 1475 1201 1539 formali

114 1581 233 1646 careat,
257 1591 294 1636 ae
318 1574 458 1655 proinde
474 1575 516 1635 sit
531 1583 617 1637 totus
633 1576 666 1636 in
688 1584 757 1638 toto
773 1593 912 1656 corpore
927 1575 1015 1656 quod
1033 1575 1201 1647 informat,

113 1677 146 1731 et
162 1676 248 1734 totus
260 1672 294 1732 in
307 1670 445 1750 singulis
461 1672 530 1750 ejus
541 1672 708 1752 partibus;
722 1671 925 1736 formavere
940 1673 1125 1735 materiales
1138 1674 1205 1736 sint

113 1769 251 1848 quidem
271 1770 437 1852 simplices
457 1770 565 1851 quoad
585 1770 771 1845 essentiam,
794 1770 850 1832 sed
876 1778 983 1833 tamen
1008 1770 1041 1832 in
1058 1770 1203 1849 subjecto

114 1867 308 1931 extensione
326 1868 453 1931 formali
476 1866 670 1942 afficiantur,
686 1885 724 1930 ac
747 1867 886 1949 proinde
905 1886 971 1931 non
992 1868 1058 1929 sint
1079 1876 1153 1930 totae
1168 1869 1203 1930 in

114 1969 256 2048 singulis
281 1968 417 2048 subjecti
445 1968 592 2050 partibus
619 1968 775 2031 totalitate
798 1968 1000 2050 quantitatis.
1016 1968 1202 2032 Adversarii

110 2077 226 2131 autem
242 2070 305 2132 hoc
319 2068 498 2131 discrimen
515 2069 645 2140 tollunt,
663 2077 698 2131 ut
713 2085 811 2149 supra
826 2067 968 2130 vidimus
985 2065 1047 2145 (89,
1063 2068 1120 2145 5⁰).

53 2171 57 2186 “
158 2166 546 2232 transmeamus
580 2167 778 2230 activitatem
811 2167 910 2229 atomi
950 2165 1128 2245 procedere
1163 2163 1204 2225 ab

112 2266 235 2335 eodem
251 2266 415 2350 principio
438 2284 454 2329 a
474 2284 540 2349 quo
566 2274 674 2328 manat
689 2264 847 2341 extensio,
865 2272 1012 2328 transeat.
1028 2262 1099 2326 Non
1116 2262 1203 2325 enim

7 2352 10 2461 ζ
116 2368 274 2452 ponimus
298 2368 366 2429 lraec
387 2367 453 2430 duo
475 2366 632 2447 procedere
653 2365 696 2426 ab
710 2364 810 2427 atomi
833 2364 1033 2440 substantia;
1052 2363 1109 2425 sed
1125 2362 1207 2424 dici·

8 2510 10 2523 >
115 2487 192 2532 mus
208 2485 278 2529 eam
294 2465 509 2528 substantiam
526 2463 577 2525 his
593 2461 720 2525 duabus
738 2462 992 2545 proprietatibus
1008 2480 1078 2549 esse
1094 2477 1205 2523 essen·

115 2567 240 2631 tialiter
257 2566 437 2648 preditam.

159 2664 335 2730 Subdunt:
357 2660 530 2725 Stotaimus
544 2679 598 2741 per
622 2662 679 2722 lroc
704 2660 865 2722 motulam
891 2678 930 2721 ex
943 2678 973 2720 sc
987 2660 1122 2721 activum
1135 2676 1204 2721 esse.

8 2778 10 2845 ἑ
117 2766 167 2829 De
182 2782 245 2845 qua
260 2763 391 2825 materia
406 2770 454 2823 est
471 2761 525 2823 hic
548 2759 677 2822 sermo?
692 2760 742 2822 An
769 2757 809 2819 de
826 2759 961 2820 materia
989 2757 1151 2819 intellecta
1166 2756 1206 2818 ad

117 2872 262 2927 mentem
278 2877 392 2924 eorum
409 2875 491 2940 quos
506 2856 648 2937 obiectio
663 2854 870 2934 aggreditur?
883 2852 954 2916 Non
970 2853 1110 2916 videtur.
1126 2852 1205 2915 Nam

8 2958 10 3047 ζ
113 2964 207 3046 juxta
219 2979 279 3024 nos
292 2957 426 3021 materia
438 2964 487 3019 est
498 2972 628 3036 corpus,
643 2956 690 3017 vel
700 2952 848 3034 corporis
856 2953 1054 3015 elementum
1067 2961 1205 3014 atomus.

8 3084 9 3087 ’
117 3062 183 3129 sed
196 3062 295 3123 talem
306 3057 474 3121 materiam
488 3075 526 3118 ex
540 3073 575 3117 se
585 3054 722 3116 activam
735 3071 804 3115 esse
820 3050 997 3114 adversarii
1012 3068 1128 3129 negare
1141 3066 1207 3112 nou

119 3167 278 3245 possu·nt;
292 3174 366 3219 narn
380 3155 440 3236 ipsi
450 3170 583 3234 quoque
591 3151 766 3213 admittunt
775 3150 989 3212 substantiam
1002 3165 1206 3225 corpoream,

120 3272 154 3326 et
180 3269 309 3324 atomos
331 3254 493 3318 activitate
508 3269 577 3315 esse
593 3249 744 3332 preditas
760 3254 859 3322 ex'se,
878 3266 996 3329 nempe
1012 3267 1050 3310 ex
1067 3248 1136 3328 ipsa
1152 3265 1208 3310 sua

121 3361 273 3432 essentia,
291 3375 330 3417 ex
355 3354 423 3415 suis
446 3350 631 3413 intrinsecis
655 3348 887 3411 constitutivis.
914 3346 947 3410 Si
965 3365 1041 3411 vero
1067 3346 1209 3409 materie

120 3458 258 3523 nomine
275 3454 462 3532 intelligunt
478 3448 647 3514 materiam
664 3449 816 3530 primam,
835 3464 933 3527 quam
951 3462 1010 3508 nos
1027 3462 1092 3508 non
1109 3460 1208 3524 agno·

121 3557 258 3630 scimus,
271 3553 414 3635 objectio
430 3568 491 3614 nos
505 3567 571 3613 nnn
590 3549 730 3629 impetit.

164 3656 323 3719 Praeterea
338 3666 436 3730 quam
451 3646 636 3710 actioitctcm
652 3643 853 3707 memoranti
864 3643 913 3705 An
926 3641 1119 3705 activitntem
1135 3658 1209 3721 pro·

123 3753 233 3836 priam
255 3747 416 3829 corporis,
439 3756 471 3809 et
496 3763 569 3827 quae
591 3761 655 3806 cun
678 3742 866 3805 extensione
887 3741 1066 3805 consistere
1087 3741 1211 3821 potest?

122 3851 188 3916 Sed
202 3850 263 3912 ltac
278 3847 431 3920 admissa,
449 3843 617 3927 quomodo
631 3840 748 3904 exinde
764 3851 995 3921 consequetur,
1009 3856 1128 3920 corpus
1141 3855 1211 3900 esse

124 3965 225 4030 capax
241 3966 281 4011 ex
301 3964 336 4009 se
355 3947 435 4021 vitre,
464 3962 536 4025 quae
551 3948 667 4023 praeter
692 3939 880 4003 essentialia
899 3935 1059 4020 corporis,
1084 3935 1213 4017 organi·

123 4063 233 4110 smum
250 4043 404 4126 postulat,
428 4051 483 4105 aut
503 4059 617 4118 sensus,
636 4039 692 4121 qui
710 4047 827 4120 praeter
842 4054 962 4118 corpus
986 4034 1127 4118 requirit
1140 4035 1212 4097 ani·
