2792 4600
458 232 544 276 utens
565 232 698 289 renunc,
724 234 817 277 ossus
840 234 872 277 u.
1149 216 1219 276 lve-

123 356 183 408 tete
200 346 312 426 omnia
327 346 516 407 distributive
531 355 742 425 cognosceret
757 347 948 408 successivis
971 346 1117 421 actibus,
1132 347 1216 426 quia

39 489 40 526 3
125 444 294 507 indefinita
318 444 565 525 perceptionum
589 447 688 508 series
713 445 916 508 indefinitum
932 447 1051 509 seriem
1068 447 1211 527 possibi-

39 535 40 538 ’
126 543 208 605 lium
223 544 384 623 adaequat.
696 607 698 611 ,
775 529 778 532 ’

39 703 40 706 ,
161 644 192 705 3⁰
214 643 455 715 Gumevolutio
482 642 538 706 illa
567 642 738 704 indefinita
761 643 814 703 fiat
831 642 864 703 iu
882 643 1048 705 intellectu
1065 641 1210 714 infinito,

39 731 40 734 ¹
122 742 214 819 cujus
227 741 371 820 cognitio
384 742 565 803 successiva
587 757 653 800 non
670 750 728 814 est,
748 740 933 802 intellectus
950 740 1122 802 iste-unico
1138 740 1215 801 actu

122 837 290 918 cognoscit
305 837 512 900 distributive
530 855 645 899 omues
668 840 737 915 elus
753 836 850 899 seriei
867 839 1038 910 terminos,
1064 856 1146 915 quos
1162 842 1211 900 iu·

123 937 271 999 tellectus
286 937 399 1000 finitus
428 937 619 1000 successivis
636 937 762 1020 ustibus
779 935 960 997 indefinitis
979 944 1213 1013 cognosceret,

123 1035 301 1097 cumcuim
318 1035 360 1096 sit
376 1034 535 1109 infinitus,
553 1038 746 1104 ostensione¹
768 1035 900 1096 virtuali
917 1053 984 1096 suae
1001 1034 1213 1114 perlectiouis

124 1134 265 1213 (54890)
282 1134 463 1197 indefinitis
488 1133 660 1214 aequivulet
685 1135 824 1210 actibus,
851 1142 884 1195 et
908 1132 1117 1213 amplectitur
1143 1132 1224 1212 ipse-

123 1232 213 1295 solus
229 1232 391 1313 quidquid
411 1232 459 1294 illi
477 1251 592 1296 omues
605 1233 639 1294 in
656 1240 775 1295 aeterna
791 1233 875 1293 serie
892 1233 1060 1294 constituti
1077 1231 1215 1310 attinge·

124 1339 207 1393 rent.
235 1330 295 1392 Per
322 1331 385 1393 hoc
407 1340 513 1393 tamen
538 1329 657 1410 objecti
681 1330 803 1409 cogniti
828 1339 942 1390 natura
966 1348 1031 1390 non
1056 1338 1214 1391 mutatur.

123 1426 216 1491 Unde
239 1422 516 1515 quemadmodum
540 1428 752 1508 possibilium
768 1431 868 1489 series
886 1426 1068 1488 indefinitis
1084 1430 1214 1506 cognitu

122 1526 251 1589 actibus
267 1542 440 1588 numerum
457 1525 589 1588 totalem
606 1524 785 1588 intellectui
810 1542 979 1604 uunquam
1004 1526 1153 1599 exhibet;
1170 1528 1215 1595 ite

123 1625 254 1703 cognita
269 1640 335 1686 uno
351 1631 423 1685 actu
446 1622 582 1685 infinitae
607 1623 737 1684 virtutis
754 1640 819 1684 non
837 1623 871 1683 fit
886 1622 1045 1701 objective
1061 1640 1214 1684 numeru-

125 1721 213 1794 bilis,
232 1740 292 1783 nec
307 1720 347 1782 ad
364 1722 496 1784 modum
521 1720 743 1783 determinate
759 1721 964 1782 collectionis
979 1721 1188 1800 cognoscitur
1203 1739 1213 1795 ;

124 1838 312 1901 quanquam
328 1821 440 1882 omnis
457 1818 626 1901 possibilia
643 1819 852 1881 distributive
868 1829 1106 1899 cognoscantur
1122 1822 1170 1896 (r).

164 1918 273 1991 Quum
290 1919 389 1997 igitur
403 1919 555 1991 dicimus,
574 1918 674 1980 Deum
701 1918 812 1980 ornnia
839 1918 937 1980 simul
970 1918 1141 1997 possibilia
1156 1935 1213 1979 co·

125 2034 292 2097 gnoscere,
305 2035 415 2078 verum
429 2016 569 2078 dicimus
583 2016 609 2077 si
623 2034 700 2079 voce
714 2017 770 2077 illa
780 2018 873 2079 timui
888 2017 1110 2097 significemus
1123 2025 1214 2079 actus

39 2113 40 2116 ’
125 2116 301 2193 unitatem3
320 2112 517 2178 non'autem
533 2115 560 2175 si
577 2132 637 2176 vox
663 2114 721 2177 itta
748 2117 904 2178 referatur
919 2117 957 2176 ad
975 2115 1152 2194 objectum,
1170 2115 1216 2175 lta

126 2225 160 2278 ut
175 2214 342 2293 objectum
358 2214 418 2275 sub
436 2215 499 2277 hoc
513 2226 586 2276 actu
613 2216 835 2277 constitutumx
851 2215 1079 2277 collectionem
1107 2214 1216 2274 deter-

126 2316 279 2376 minatam
296 2332 333 2375 ec
349 2325 520 2395 propterea
536 2323 608 2375 actu
622 2313 786 2374 infinitum
802 2313 965 2374 exhibeat.

164 2411 237 2474 stt.
261 2411 456 2491 Respondeo
472 2411 571 2491 igitur
586 2411 625 2471 ad
643 2410 682 2472 lm
706 2409 822 2473 Omma
847 2410 1019 2490 possibilia
1042 2408 1140 2471 simul
1157 2427 1214 2472 co·

123 2513 211 2593 guita
232 2510 476 2573 multitudinem
500 2520 574 2573 actu
601 2509 764 2573 inlinitum
781 2504 1001 2586 constituuut;
1017 2510 1089 2572 dist.
1106 2508 1183 2589 maj,
1200 2532 1213 2582 ;

125 2613 151 2673 si
163 2620 254 2673 actus
269 2611 495 2690 cognoscentis
512 2609 555 2670 itu
567 2609 664 2671 simul
678 2621 852 2689 cognoscat
865 2607 987 2682 omnis,
998 2619 1033 2670 ut
1046 2607 1215 2670 collectio·

126 2709 175 2771 nis
190 2709 363 2790 completae
378 2717 526 2771 naturam
542 2707 663 2770 tribuat
679 2706 818 2786 objecto,
835 2704 945 2772 cunct
961 2707 988 2768 si
1005 2723 1071 2768 non
1085 2704 1221 2779 tribuit,

126 2827 215 2888 sepo.

166 2889 230 2969 Sed
256 2906 367 2968 omnia
388 2904 559 2986 possibilia
575 2904 673 2967 simul
690 2914 933 2984 cognoscuntur
948 2922 965 2965 u
984 2905 1047 2967 [teo
1065 2921 1073 2966 ε
1090 2911 1218 2965 eontra·

125 3005 195 3067 dist.
213 3004 290 3067 min.
309 3005 353 3067 itu
378 3013 413 3066 ut
438 3011 528 3066 actus
557 3005 784 3084 cognoscentis
813 2998 1019 3065 collectionis
1044 3000 1217 3081 completus

128 3097 275 3165 naturam
291 3102 420 3181 objecto
435 3104 568 3179 tribuat,
584 3123 654 3184 nep.
670 3127 680 3177 ;
697 3102 741 3164 ita
757 3112 792 3165 ut
808 3120 873 3163 nou
893 3102 1026 3174 tribuat,
1043 3119 1130 3163 conc.

166 3201 264 3265 ¹³55&
279 3201 328 3262 Ad
340 3203 381 3264 2¹¹¹
393 3220 431 3263 ex
444 3200 562 3264 iisdem
586 3200 760 3283 principiis
784 3199 978 3280 respondeo.
993 3198 1077 3261 Deus
1093 3214 1214 3277 cogno·

39 3298 40 3313 ³
127 3302 188 3363 scit
203 3319 269 3364 uno
284 3311 357 3362 actu
384 3319 498 3364 omues
527 3301 686 3363 terminos
717 3300 813 3361 seriei
838 3298 1017 3360 indefinitae
1032 3314 1039 3361 :
1055 3298 1127 3360 dict.
1144 3305 1215 3359 ent.

127 3398 344 3475 distributive,
361 3417 448 3461 conc.
458 3422 469 3473 ,-
485 3397 526 3460 ud
545 3398 679 3461 modum
705 3397 875 3477 complete
891 3395 1108 3478 collectionis,
1125 3413 1216 3475 nepo.

167 3495 252 3575 Ergo
267 3496 433 3575 cognoscit
449 3492 696 3560 multitudinem
721 3504 793 3556 actu
823 3493 982 3556 infinitam
1000 3512 1007 3558 :
1025 3512 1095 3575 nep.
1112 3511 1218 3555 conte·

127 3596 295 3675 petentium.
1185 3652 1187 3656 .

169 3693 248 3756 Nem
265 3697 350 3758 Deus
365 3694 533 3774 cognoscit
547 3711 662 3756 omnes
678 3704 752 3756 tuns
769 3694 895 3755 loturos
910 3700 1012 3765 actus,
1030 3692 1108 3771 quio
1123 3699 1219 3752 aeter·

158 3840 190 3893 tlt
204 3838 240 3886 (li.
251 3839 276 3886 S·
296 3839 339 3885 Th.
359 3839 450 3888 Contra
470 3848 534 3899 pent.
554 3839 606 3888 Lib.
617 3840 638 3887 1.
647 3851 670 3887 c.
682 3837 782 3893 [exilit
794 3837 829 3883 to.
841 3844 865 3885 et
873 3837 940 3883 Sum.
951 3837 984 3882 tlt.
997 3849 1020 3894 p.
1031 3834 1048 3882 l.
1058 3848 1082 3894 o.
1094 3835 1158 3883 xvv.
1169 3842 1220 3882 ert.

133 3913 232 3962 lead.
242 3914 262 3961 1.
272 3921 297 3961 et
307 3914 337 3961 ad
346 3915 369 3959 ἓ.
768 3948 770 3957 t
