<?xml version="1.0" encoding="UTF-8"?>
<!DOCTYPE html PUBLIC "-//W3C//DTD XHTML 1.0 Transitional//EN"
    "http://www.w3.org/TR/xhtml1/DTD/xhtml1-transitional.dtd">
<html xmlns="http://www.w3.org/1999/xhtml" xml:lang="en" lang="en">
 <head>
  <title>
</title>
<meta http-equiv="Content-Type" content="text/html;charset=utf-8" />
  <meta name='ocr-system' content='tesseract 3.04.00' />
  <meta name='ocr-capabilities' content='ocr_page ocr_carea ocr_par ocr_line ocrx_word'/>
</head>
<body>
  <div class='ocr_page' id='page_1' title='image "./institutionesph01tonggoog_0330.png"; bbox 0 0 2792 4600; ppageno 0'>
   <div class='ocr_carea' id='block_1_1' title="bbox 164 330 789 395">
    <p class='ocr_par' dir='ltr' id='par_1_1' title="bbox 164 330 789 395">
     <span class='ocr_line' id='line_1_1' title="bbox 164 330 789 395; baseline -0.006 -1"><span class='ocrx_word' id='word_1_1' title='bbox 164 330 227 395; x_wconf 71' lang='lat'>322</span> <span class='ocrx_word' id='word_1_2' title='bbox 464 385 467 389; x_wconf 92' lang='lat'>.</span> <span class='ocrx_word' id='word_1_3' title='bbox 598 345 789 392; x_wconf 78' lang='lat' dir='ltr'>cosuoeocu.</span> 
     </span>
    </p>
   </div>
   <div class='ocr_carea' id='block_1_2' title="bbox 158 456 1261 2306">
    <p class='ocr_par' dir='ltr' id='par_1_2' title="bbox 162 456 1256 639">
     <span class='ocr_line' id='line_1_2' title="bbox 164 456 1256 541; baseline -0.005 -17"><span class='ocrx_word' id='word_1_4' title='bbox 164 462 213 524; x_wconf 92' lang='lat' dir='ltr'>uti</span> <span class='ocrx_word' id='word_1_5' title='bbox 230 467 373 541; x_wconf 81' lang='lat' dir='ltr'>possent,</span> <span class='ocrx_word' id='word_1_6' title='bbox 391 467 422 521; x_wconf 90' lang='lat' dir='ltr'>et</span> <span class='ocrx_word' id='word_1_7' title='bbox 437 475 549 521; x_wconf 86' lang='lat' dir='ltr'>rerum</span> <span class='ocrx_word' id='word_1_8' title='bbox 576 458 728 522; x_wconf 88' lang='lat' dir='ltr'>omnium</span> <span class='ocrx_word' id='word_1_9' title='bbox 757 456 922 520; x_wconf 88' lang='lat' dir='ltr'>conditori</span> <span class='ocrx_word' id='word_1_10' title='bbox 950 457 1056 519; x_wconf 92' lang='lat' dir='ltr'>laudis</span> <span class='ocrx_word' id='word_1_11' title='bbox 1078 465 1110 521; x_wconf 89' lang='lat' dir='ltr'>et</span> <span class='ocrx_word' id='word_1_12' title='bbox 1132 457 1256 520; x_wconf 88' lang='lat' dir='ltr'>amoris</span> 
     </span>
     <span class='ocr_line' id='line_1_3' title="bbox 162 555 955 639; baseline -0.004 -16"><span class='ocrx_word' id='word_1_13' title='bbox 162 557 324 639; x_wconf 87' lang='lat' dir='ltr'>obsequia</span> <span class='ocrx_word' id='word_1_14' title='bbox 340 574 449 618; x_wconf 85' lang='lat' dir='ltr'>rerum</span> <span class='ocrx_word' id='word_1_15' title='bbox 461 556 612 620; x_wconf 85' lang='lat' dir='ltr'>omnium</span> <span class='ocrx_word' id='word_1_16' title='bbox 628 556 762 620; x_wconf 90' lang='lat' dir='ltr'>nomine</span> <span class='ocrx_word' id='word_1_17' title='bbox 777 555 955 620; x_wconf 79' lang='lat' dir='ltr'>deterrent.</span> 
     </span>
    </p>

    <p class='ocr_par' dir='ltr' id='par_1_3' title="bbox 158 654 1261 2306">
     <span class='ocr_line' id='line_1_4' title="bbox 205 654 1255 737; baseline -0.002 -18"><span class='ocrx_word' id='word_1_18' title='bbox 205 657 217 680; x_wconf 88' lang='lat'><em>*</em></span> <span class='ocrx_word' id='word_1_19' title='bbox 239 657 311 721; x_wconf 74' lang='lat'>255.</span> <span class='ocrx_word' id='word_1_20' title='bbox 327 655 513 721; x_wconf 74' lang='lat' dir='ltr'>Notandum</span> <span class='ocrx_word' id='word_1_21' title='bbox 530 673 628 737; x_wconf 88' lang='lat' dir='ltr'>porro</span> <span class='ocrx_word' id='word_1_22' title='bbox 643 654 851 736; x_wconf 82' lang='lat' dir='ltr'><strong>hypothesim</strong></span> <span class='ocrx_word' id='word_1_23' title='bbox 876 655 970 731; x_wconf 85' lang='lat' dir='ltr'>banc,</span> <span class='ocrx_word' id='word_1_24' title='bbox 995 673 1069 737; x_wconf 77' lang='lat' dir='ltr'>que</span> <span class='ocrx_word' id='word_1_25' title='bbox 1091 674 1166 718; x_wconf 91' lang='lat' dir='ltr'>cum</span> <span class='ocrx_word' id='word_1_26' title='bbox 1197 654 1255 719; x_wconf 85' lang='lat' dir='ltr'>Dei</span> 
     </span>
     <span class='ocr_line' id='line_1_5' title="bbox 161 753 1256 838; baseline -0.003 -17"><span class='ocrx_word' id='word_1_27' title='bbox 161 757 299 822; x_wconf 87' lang='lat' dir='ltr'>notione</span> <span class='ocrx_word' id='word_1_28' title='bbox 310 755 543 838; x_wconf 84' lang='lat' dir='ltr'>aptecobaeret,</span> <span class='ocrx_word' id='word_1_29' title='bbox 556 753 727 834; x_wconf 79' lang='lat' dir='ltr'>religionis</span> <span class='ocrx_word' id='word_1_30' title='bbox 739 753 927 816; x_wconf 78' lang='lat' dir='ltr'>christianae</span> <span class='ocrx_word' id='word_1_31' title='bbox 940 753 1148 834; x_wconf 77' lang='lat' dir='ltr'><strong>dogmatibus</strong></span> <span class='ocrx_word' id='word_1_32' title='bbox 1160 753 1256 818; x_wconf 88' lang='lat' dir='ltr'>nullo</span> 
     </span>
     <span class='ocr_line' id='line_1_6' title="bbox 161 851 1259 939; baseline -0.005 -20"><span class='ocrx_word' id='word_1_33' title='bbox 161 865 259 939; x_wconf 90' lang='lat' dir='ltr'>pacto</span> <span class='ocrx_word' id='word_1_34' title='bbox 274 855 452 928; x_wconf 85' lang='lat' dir='ltr'>adversari,</span> <span class='ocrx_word' id='word_1_35' title='bbox 469 863 505 917; x_wconf 93' lang='lat' dir='ltr'>ut</span> <span class='ocrx_word' id='word_1_36' title='bbox 530 853 597 935; x_wconf 89' lang='lat' dir='ltr'>jam</span> <span class='ocrx_word' id='word_1_37' title='bbox 625 851 767 916; x_wconf 82' lang='lat' dir='ltr'>libenter</span> <span class='ocrx_word' id='word_1_38' title='bbox 794 852 936 915; x_wconf 85' lang='lat' dir='ltr'>latentur</span> <span class='ocrx_word' id='word_1_39' title='bbox 961 852 1117 933; x_wconf 76' lang='lat' dir='ltr'>theologi.</span> <span class='ocrx_word' id='word_1_40' title='bbox 1134 854 1259 918; x_wconf 84' lang='lat' dir='ltr'>Revera</span> 
     </span>
     <span class='ocr_line' id='line_1_7' title="bbox 160 953 1258 1037; baseline -0.004 -16"><span class='ocrx_word' id='word_1_41' title='bbox 160 974 230 1021; x_wconf 86' lang='lat' dir='ltr'>non</span> <span class='ocrx_word' id='word_1_42' title='bbox 246 957 341 1031; x_wconf 88' lang='lat' dir='ltr'>docet</span> <span class='ocrx_word' id='word_1_43' title='bbox 355 953 535 1018; x_wconf 88' lang='lat' dir='ltr'>christiana</span> <span class='ocrx_word' id='word_1_44' title='bbox 556 953 647 1029; x_wconf 83' lang='lat' dir='ltr'>tides,</span> <span class='ocrx_word' id='word_1_45' title='bbox 675 969 791 1016; x_wconf 87' lang='lat' dir='ltr'>omnes</span> <span class='ocrx_word' id='word_1_46' title='bbox 813 953 964 1017; x_wconf 88' lang='lat' dir='ltr'>homines</span> <span class='ocrx_word' id='word_1_47' title='bbox 988 953 1176 1037; x_wconf 89' lang='lat' dir='ltr'>possibiles,</span> <span class='ocrx_word' id='word_1_48' title='bbox 1200 963 1258 1017; x_wconf 88' lang='lat' dir='ltr'>aut</span> 
     </span>
     <span class='ocr_line' id='line_1_8' title="bbox 161 1051 1258 1132; baseline -0.007 -12"><span class='ocrx_word' id='word_1_49' title='bbox 161 1057 276 1120; x_wconf 85' lang='lat' dir='ltr'>omnia</span> <span class='ocrx_word' id='word_1_50' title='bbox 287 1056 374 1119; x_wconf 79' lang='lat' dir='ltr'>entia</span> <span class='ocrx_word' id='word_1_51' title='bbox 392 1053 608 1132; x_wconf 80' lang='lat' dir='ltr'>intelligentia</span> <span class='ocrx_word' id='word_1_52' title='bbox 631 1051 826 1117; x_wconf 86' lang='lat' dir='ltr'>bominibus</span> <span class='ocrx_word' id='word_1_53' title='bbox 843 1052 977 1130; x_wconf 87' lang='lat' dir='ltr'>similia,</span> <span class='ocrx_word' id='word_1_54' title='bbox 995 1071 1034 1115; x_wconf 83' lang='lat' dir='ltr'>ex</span> <span class='ocrx_word' id='word_1_55' title='bbox 1047 1052 1174 1116; x_wconf 83' lang='lat' dir='ltr'>Adamo</span> <span class='ocrx_word' id='word_1_56' title='bbox 1189 1052 1258 1116; x_wconf 89' lang='lat' dir='ltr'>ori·</span> 
     </span>
     <span class='ocr_line' id='line_1_9' title="bbox 160 1151 1256 1235; baseline -0.004 -17"><span class='ocrx_word' id='word_1_57' title='bbox 160 1155 273 1235; x_wconf 89' lang='lat' dir='ltr'>ginem</span> <span class='ocrx_word' id='word_1_58' title='bbox 296 1153 416 1217; x_wconf 85' lang='lat' dir='ltr'>ducere</span> <span class='ocrx_word' id='word_1_59' title='bbox 438 1163 602 1234; x_wconf 84' lang='lat' dir='ltr'>oportere,</span> <span class='ocrx_word' id='word_1_60' title='bbox 619 1151 675 1215; x_wconf 90' lang='lat' dir='ltr'>sed</span> <span class='ocrx_word' id='word_1_61' title='bbox 692 1151 802 1215; x_wconf 88' lang='lat' dir='ltr'>solum</span> <span class='ocrx_word' id='word_1_62' title='bbox 825 1152 977 1217; x_wconf 88' lang='lat' dir='ltr'>homines</span> <span class='ocrx_word' id='word_1_63' title='bbox 994 1153 1050 1234; x_wconf 91' lang='lat' dir='ltr'>qui</span> <span class='ocrx_word' id='word_1_64' title='bbox 1068 1151 1201 1214; x_wconf 86' lang='lat' dir='ltr'>interra</span> <span class='ocrx_word' id='word_1_65' title='bbox 1217 1170 1256 1214; x_wconf 86' lang='lat' dir='ltr'>ex</span> 
     </span>
     <span class='ocr_line' id='line_1_10' title="bbox 161 1249 1257 1332; baseline -0.005 -15"><span class='ocrx_word' id='word_1_66' title='bbox 161 1253 302 1318; x_wconf 87' lang='lat' dir='ltr'>terrenis</span> <span class='ocrx_word' id='word_1_67' title='bbox 325 1266 514 1314; x_wconf 85' lang='lat' dir='ltr'>nascuntur.</span> <span class='ocrx_word' id='word_1_68' title='bbox 536 1249 670 1323; x_wconf 86' lang='lat' dir='ltr'>Quodsi</span> <span class='ocrx_word' id='word_1_69' title='bbox 690 1249 848 1314; x_wconf 88' lang='lat' dir='ltr'>humilem</span> <span class='ocrx_word' id='word_1_70' title='bbox 867 1251 950 1313; x_wconf 90' lang='lat' dir='ltr'>banc</span> <span class='ocrx_word' id='word_1_71' title='bbox 966 1260 1098 1327; x_wconf 88' lang='lat' dir='ltr'>terram,</span> <span class='ocrx_word' id='word_1_72' title='bbox 1115 1267 1257 1332; x_wconf 84' lang='lat' dir='ltr'>quaeque</span> 
     </span>
     <span class='ocr_line' id='line_1_11' title="bbox 161 1345 1256 1428; baseline -0.006 -13"><span class='ocrx_word' id='word_1_73' title='bbox 161 1353 199 1415; x_wconf 91' lang='lat' dir='ltr'>in</span> <span class='ocrx_word' id='word_1_74' title='bbox 225 1359 313 1413; x_wconf 86' lang='lat' dir='ltr'>tanta</span> <span class='ocrx_word' id='word_1_75' title='bbox 339 1349 537 1412; x_wconf 81' lang='lat' dir='ltr'>orandorum</span> <span class='ocrx_word' id='word_1_76' title='bbox 564 1348 777 1410; x_wconf 91' lang='lat' dir='ltr'>multitudiue</span> <span class='ocrx_word' id='word_1_77' title='bbox 800 1348 852 1410; x_wconf 83' lang='lat' dir='ltr'>vix</span> <span class='ocrx_word' id='word_1_78' title='bbox 875 1345 1000 1428; x_wconf 90' lang='lat' dir='ltr'>aliquid</span> <span class='ocrx_word' id='word_1_79' title='bbox 1017 1348 1120 1411; x_wconf 89' lang='lat' dir='ltr'>videri</span> <span class='ocrx_word' id='word_1_80' title='bbox 1139 1347 1256 1427; x_wconf 90' lang='lat' dir='ltr'>possit,</span> 
     </span>
     <span class='ocr_line' id='line_1_12' title="bbox 159 1445 1259 1528; baseline -0.004 -14"><span class='ocrx_word' id='word_1_81' title='bbox 159 1452 248 1514; x_wconf 85' lang='lat' dir='ltr'>Deus</span> <span class='ocrx_word' id='word_1_82' title='bbox 261 1449 305 1511; x_wconf 83' lang='lat' dir='ltr'>sic</span> <span class='ocrx_word' id='word_1_83' title='bbox 319 1448 440 1524; x_wconf 76' lang='lat' dir='ltr'>dilexit,</span> <span class='ocrx_word' id='word_1_84' title='bbox 461 1453 495 1510; x_wconf 86' lang='lat' dir='ltr'>ut</span> <span class='ocrx_word' id='word_1_85' title='bbox 509 1445 625 1509; x_wconf 78' lang='lat' dir='ltr'>Filium</span> <span class='ocrx_word' id='word_1_86' title='bbox 645 1465 737 1510; x_wconf 82' lang='lat' dir='ltr'>suum</span> <span class='ocrx_word' id='word_1_87' title='bbox 762 1447 958 1528; x_wconf 75' lang='lat' dir='ltr'>unigenitum</span> <span class='ocrx_word' id='word_1_88' title='bbox 983 1446 1046 1528; x_wconf 92' lang='lat' dir='ltr'>ipsi</span> <span class='ocrx_word' id='word_1_89' title='bbox 1062 1448 1158 1523; x_wconf 84' lang='lat' dir='ltr'>daret,</span> <span class='ocrx_word' id='word_1_90' title='bbox 1176 1445 1259 1528; x_wconf 88' lang='lat' dir='ltr'>quid</span> 
     </span>
     <span class='ocr_line' id='line_1_13' title="bbox 159 1546 1257 1628; baseline -0.006 -13"><span class='ocrx_word' id='word_1_91' title='bbox 159 1547 429 1615; x_wconf 87' lang='lat' dir='ltr'>concludendum</span> <span class='ocrx_word' id='word_1_92' title='bbox 454 1546 599 1610; x_wconf 73' lang='lat' dir='ltr'>exinde?</span> <span class='ocrx_word' id='word_1_93' title='bbox 619 1546 691 1612; x_wconf 90' lang='lat' dir='ltr'>Non</span> <span class='ocrx_word' id='word_1_94' title='bbox 707 1547 853 1628; x_wconf 85' lang='lat' dir='ltr'>profecto</span> <span class='ocrx_word' id='word_1_95' title='bbox 885 1547 969 1609; x_wconf 89' lang='lat' dir='ltr'>banc</span> <span class='ocrx_word' id='word_1_96' title='bbox 998 1564 1097 1609; x_wconf 89' lang='lat' dir='ltr'>unam</span> <span class='ocrx_word' id='word_1_97' title='bbox 1128 1546 1257 1609; x_wconf 90' lang='lat' dir='ltr'>entium</span> 
     </span>
     <span class='ocr_line' id='line_1_14' title="bbox 160 1644 1257 1730; baseline -0.005 -18"><span class='ocrx_word' id='word_1_98' title='bbox 160 1648 418 1730; x_wconf 87' lang='lat' dir='ltr'>intelligentium</span> <span class='ocrx_word' id='word_1_99' title='bbox 441 1645 552 1709; x_wconf 89' lang='lat' dir='ltr'>sedem</span> <span class='ocrx_word' id='word_1_100' title='bbox 577 1664 659 1722; x_wconf 89' lang='lat' dir='ltr'>esse,</span> <span class='ocrx_word' id='word_1_101' title='bbox 682 1644 739 1707; x_wconf 92' lang='lat' dir='ltr'>sed</span> <span class='ocrx_word' id='word_1_102' title='bbox 767 1644 849 1708; x_wconf 87' lang='lat' dir='ltr'>lacta</span> <span class='ocrx_word' id='word_1_103' title='bbox 881 1644 1025 1727; x_wconf 88' lang='lat' dir='ltr'>primum</span> <span class='ocrx_word' id='word_1_104' title='bbox 1051 1644 1257 1710; x_wconf 85' lang='lat' dir='ltr'>animadver·</span> 
     </span>
     <span class='ocr_line' id='line_1_15' title="bbox 158 1745 1256 1827; baseline -0.008 -12"><span class='ocrx_word' id='word_1_105' title='bbox 158 1750 267 1824; x_wconf 88' lang='lat' dir='ltr'>sione,</span> <span class='ocrx_word' id='word_1_106' title='bbox 292 1746 395 1811; x_wconf 83' lang='lat' dir='ltr'>Deum</span> <span class='ocrx_word' id='word_1_107' title='bbox 421 1747 456 1808; x_wconf 87' lang='lat' dir='ltr'>in</span> <span class='ocrx_word' id='word_1_108' title='bbox 478 1745 546 1809; x_wconf 91' lang='lat' dir='ltr'>suis</span> <span class='ocrx_word' id='word_1_109' title='bbox 570 1745 801 1827; x_wconf 85' lang='lat' dir='ltr'>dispensandis</span> <span class='ocrx_word' id='word_1_110' title='bbox 816 1745 914 1809; x_wconf 90' lang='lat' dir='ltr'>donis</span> <span class='ocrx_word' id='word_1_111' title='bbox 939 1745 1147 1808; x_wconf 86' lang='lat' dir='ltr'>liberrimum</span> <span class='ocrx_word' id='word_1_112' title='bbox 1170 1762 1256 1818; x_wconf 90' lang='lat' dir='ltr'>esse,</span> 
     </span>
     <span class='ocr_line' id='line_1_16' title="bbox 162 1843 1258 1913; baseline -0.006 -2"><span class='ocrx_word' id='word_1_113' title='bbox 162 1849 227 1913; x_wconf 90' lang='lat' dir='ltr'>hoc</span> <span class='ocrx_word' id='word_1_114' title='bbox 242 1864 345 1911; x_wconf 90' lang='lat' dir='ltr'>unum</span> <span class='ocrx_word' id='word_1_115' title='bbox 362 1845 440 1908; x_wconf 90' lang='lat' dir='ltr'>inde</span> <span class='ocrx_word' id='word_1_116' title='bbox 452 1845 717 1909; x_wconf 88' lang='lat' dir='ltr'>concludendum</span> <span class='ocrx_word' id='word_1_117' title='bbox 734 1863 742 1908; x_wconf 94' lang='lat'><strong>:</strong></span> <span class='ocrx_word' id='word_1_118' title='bbox 760 1844 788 1908; x_wconf 92' lang='lat' dir='ltr'>si</span> <span class='ocrx_word' id='word_1_119' title='bbox 804 1845 838 1908; x_wconf 90' lang='lat' dir='ltr'>in</span> <span class='ocrx_word' id='word_1_120' title='bbox 854 1844 1040 1909; x_wconf 85' lang='lat' dir='ltr'>coelestibus</span> <span class='ocrx_word' id='word_1_121' title='bbox 1055 1843 1193 1908; x_wconf 86' lang='lat' dir='ltr'>orbibus</span> <span class='ocrx_word' id='word_1_122' title='bbox 1206 1843 1258 1906; x_wconf 79' lang='lat' dir='ltr'>in·.</span> 
     </span>
     <span class='ocr_line' id='line_1_17' title="bbox 161 1940 1256 2025; baseline -0.005 -17"><span class='ocrx_word' id='word_1_123' title='bbox 161 1945 243 2010; x_wconf 81' lang='lat' dir='ltr'>cole</span> <span class='ocrx_word' id='word_1_124' title='bbox 265 1952 352 2019; x_wconf 89' lang='lat' dir='ltr'>suut,</span> <span class='ocrx_word' id='word_1_125' title='bbox 377 1960 434 2005; x_wconf 90' lang='lat' dir='ltr'>eos</span> <span class='ocrx_word' id='word_1_126' title='bbox 456 1960 589 2025; x_wconf 90' lang='lat' dir='ltr'>quoque</span> <span class='ocrx_word' id='word_1_127' title='bbox 616 1942 813 2023; x_wconf 73' lang='lat' dir='ltr'>Deumque</span> <span class='ocrx_word' id='word_1_128' title='bbox 841 1942 935 2005; x_wconf 87' lang='lat' dir='ltr'>illum</span> <span class='ocrx_word' id='word_1_129' title='bbox 961 1942 1055 2005; x_wconf 88' lang='lat' dir='ltr'>decet</span> <span class='ocrx_word' id='word_1_130' title='bbox 1082 1940 1256 2015; x_wconf 82' lang='lat' dir='ltr'>charitate,</span> 
     </span>
     <span class='ocr_line' id='line_1_18' title="bbox 160 2040 1258 2123; baseline -0.006 -16"><span class='ocrx_word' id='word_1_131' title='bbox 160 2043 341 2117; x_wconf 87' lang='lat' dir='ltr'>adamasse,</span> <span class='ocrx_word' id='word_1_132' title='bbox 359 2041 454 2104; x_wconf 91' lang='lat' dir='ltr'>miris</span> <span class='ocrx_word' id='word_1_133' title='bbox 469 2051 568 2117; x_wconf 90' lang='lat' dir='ltr'>certe,</span> <span class='ocrx_word' id='word_1_134' title='bbox 586 2042 642 2104; x_wconf 90' lang='lat' dir='ltr'>sed</span> <span class='ocrx_word' id='word_1_135' title='bbox 660 2041 971 2123; x_wconf 78' lang='lat' dir='ltr'>inexcogitabilibus</span> <span class='ocrx_word' id='word_1_136' title='bbox 990 2040 1099 2105; x_wconf 87' lang='lat' dir='ltr'>modis</span> <span class='ocrx_word' id='word_1_137' title='bbox 1115 2059 1124 2104; x_wconf 91' lang='lat'>:</span> <span class='ocrx_word' id='word_1_138' title='bbox 1142 2040 1258 2103; x_wconf 85' lang='lat' dir='ltr'>divina</span> 
     </span>
     <span class='ocr_line' id='line_1_19' title="bbox 160 2139 1261 2232; baseline -0.005 -26"><span class='ocrx_word' id='word_1_139' title='bbox 160 2143 251 2232; x_wconf 80' lang='lat' dir='ltr'>enim</span> <span class='ocrx_word' id='word_1_140' title='bbox 267 2140 396 2214; x_wconf 85' lang='lat' dir='ltr'>bouitas</span> <span class='ocrx_word' id='word_1_141' title='bbox 412 2158 472 2202; x_wconf 86' lang='lat' dir='ltr'>nec</span> <span class='ocrx_word' id='word_1_142' title='bbox 487 2139 557 2221; x_wconf 86' lang='lat' dir='ltr'>ejus</span> <span class='ocrx_word' id='word_1_143' title='bbox 573 2139 793 2202; x_wconf 87' lang='lat' dir='ltr'>immensitate</span> <span class='ocrx_word' id='word_1_144' title='bbox 809 2140 977 2222; x_wconf 87' lang='lat' dir='ltr'>angustior</span> <span class='ocrx_word' id='word_1_145' title='bbox 991 2150 1050 2215; x_wconf 90' lang='lat' dir='ltr'>est,</span> <span class='ocrx_word' id='word_1_146' title='bbox 1068 2157 1128 2202; x_wconf 90' lang='lat' dir='ltr'>uec</span> <span class='ocrx_word' id='word_1_147' title='bbox 1139 2150 1261 2220; x_wconf 89' lang='lat' dir='ltr'>poten-</span> 
     </span>
     <span class='ocr_line' id='line_1_20' title="bbox 160 2241 344 2306; baseline -0.016 -1"><span class='ocrx_word' id='word_1_148' title='bbox 160 2241 206 2306; x_wconf 88' lang='lat' dir='ltr'>tia</span> <span class='ocrx_word' id='word_1_149' title='bbox 222 2241 344 2304; x_wconf 85' lang='lat' dir='ltr'>minor.</span> 
     </span>
    </p>
   </div>
   <div class='ocr_carea' id='block_1_3' title="bbox 512 2387 900 2566">
    <p class='ocr_par' dir='ltr' id='par_1_4' title="bbox 512 2387 900 2566">
     <span class='ocr_line' id='line_1_21' title="bbox 584 2387 817 2435; baseline 0.009 -2"><span class='ocrx_word' id='word_1_150' title='bbox 584 2387 747 2435; x_wconf 75' lang='lat' dir='ltr'>narremus</span> <span class='ocrx_word' id='word_1_151' title='bbox 770 2388 817 2435; x_wconf 83' lang='lat' dir='ltr'>ru.</span> 
     </span>
     <span class='ocr_line' id='line_1_22' title="bbox 512 2501 900 2566; baseline 0.003 -2"><span class='ocrx_word' id='word_1_152' title='bbox 512 2501 555 2564; x_wconf 85' lang='lat' dir='ltr'>De</span> <span class='ocrx_word' id='word_1_153' title='bbox 580 2503 690 2564; x_wconf 80' lang='lat' dir='ltr'>mundi</span> <span class='ocrx_word' id='word_1_154' title='bbox 713 2504 900 2566; x_wconf 72' lang='lat' dir='ltr'>extensione.</span> 
     </span>
    </p>
   </div>
   <div class='ocr_carea' id='block_1_4' title="bbox 160 2631 1262 3306">
    <p class='ocr_par' dir='ltr' id='par_1_5' title="bbox 160 2631 1262 3306">
     <span class='ocr_line' id='line_1_23' title="bbox 203 2631 1256 2714; baseline -0.001 -16"><span class='ocrx_word' id='word_1_155' title='bbox 203 2635 277 2699; x_wconf 68' lang='lat'>254.</span> <span class='ocrx_word' id='word_1_156' title='bbox 301 2633 346 2696; x_wconf 86' lang='lat' dir='ltr'>De</span> <span class='ocrx_word' id='word_1_157' title='bbox 362 2631 478 2695; x_wconf 90' lang='lat' dir='ltr'>mundi</span> <span class='ocrx_word' id='word_1_158' title='bbox 510 2650 643 2713; x_wconf 88' lang='lat' dir='ltr'>quoque</span> <span class='ocrx_word' id='word_1_159' title='bbox 670 2632 860 2697; x_wconf 81' lang='lat' dir='ltr'>extensione</span> <span class='ocrx_word' id='word_1_160' title='bbox 886 2633 952 2696; x_wconf 90' lang='lat' dir='ltr'>duo</span> <span class='ocrx_word' id='word_1_161' title='bbox 971 2632 1074 2714; x_wconf 86' lang='lat' dir='ltr'>quaeri</span> <span class='ocrx_word' id='word_1_162' title='bbox 1090 2642 1256 2713; x_wconf 85' lang='lat' dir='ltr'>possunt:</span> 
     </span>
     <span class='ocr_line' id='line_1_24' title="bbox 161 2728 1262 2812; baseline -0.004 -16"><span class='ocrx_word' id='word_1_163' title='bbox 161 2736 195 2796; x_wconf 81' lang='lat'>1⁰</span> <span class='ocrx_word' id='word_1_164' title='bbox 209 2733 295 2795; x_wconf 88' lang='lat' dir='ltr'>sitne</span> <span class='ocrx_word' id='word_1_165' title='bbox 318 2729 493 2805; x_wconf 72' lang='lat' dir='ltr'>illatione,</span> <span class='ocrx_word' id='word_1_166' title='bbox 511 2748 552 2792; x_wconf 93' lang='lat' dir='ltr'>an</span> <span class='ocrx_word' id='word_1_167' title='bbox 576 2748 652 2793; x_wconf 86' lang='lat' dir='ltr'>vero</span> <span class='ocrx_word' id='word_1_168' title='bbox 671 2730 821 2795; x_wconf 86' lang='lat' dir='ltr'>infinita:</span> <span class='ocrx_word' id='word_1_169' title='bbox 846 2730 879 2792; x_wconf 67' lang='lat'>2⁰</span> <span class='ocrx_word' id='word_1_170' title='bbox 895 2731 1016 2812; x_wconf 90' lang='lat' dir='ltr'>quibus</span> <span class='ocrx_word' id='word_1_171' title='bbox 1032 2728 1204 2807; x_wconf 88' lang='lat' dir='ltr'>limitibus,</span> <span class='ocrx_word' id='word_1_172' title='bbox 1222 2729 1262 2792; x_wconf 76' lang='lat' dir='ltr'>si‘</span> 
     </span>
     <span class='ocr_line' id='line_1_25' title="bbox 162 2829 1258 2913; baseline -0.004 -17"><span class='ocrx_word' id='word_1_173' title='bbox 162 2833 322 2907; x_wconf 84' lang='lat' dir='ltr'>finitaest,</span> <span class='ocrx_word' id='word_1_174' title='bbox 336 2829 552 2894; x_wconf 88' lang='lat' dir='ltr'>contineatur.</span> <span class='ocrx_word' id='word_1_175' title='bbox 564 2831 727 2894; x_wconf 86' lang='lat' dir='ltr'>Cartesius</span> <span class='ocrx_word' id='word_1_176' title='bbox 739 2831 875 2913; x_wconf 86' lang='lat' dir='ltr'>ejusque</span> <span class='ocrx_word' id='word_1_177' title='bbox 886 2832 1014 2894; x_wconf 86' lang='lat' dir='ltr'>asseclae</span> <span class='ocrx_word' id='word_1_178' title='bbox 1027 2829 1151 2913; x_wconf 89' lang='lat' dir='ltr'>opinati</span> <span class='ocrx_word' id='word_1_179' title='bbox 1163 2840 1258 2906; x_wconf 90' lang='lat' dir='ltr'>sunt,</span> 
     </span>
     <span class='ocr_line' id='line_1_26' title="bbox 161 2928 1258 2995; baseline -0.003 0"><span class='ocrx_word' id='word_1_180' title='bbox 161 2929 278 2995; x_wconf 89' lang='lat' dir='ltr'>mundi</span> <span class='ocrx_word' id='word_1_181' title='bbox 295 2928 519 2993; x_wconf 80' lang='lat' dir='ltr'>extensionem</span> <span class='ocrx_word' id='word_1_182' title='bbox 536 2929 638 2992; x_wconf 90' lang='lat' dir='ltr'>nullis</span> <span class='ocrx_word' id='word_1_183' title='bbox 654 2930 799 2993; x_wconf 85' lang='lat' dir='ltr'>coerceri</span> <span class='ocrx_word' id='word_1_184' title='bbox 820 2929 994 2993; x_wconf 85' lang='lat' dir='ltr'>limitibus.</span> <span class='ocrx_word' id='word_1_185' title='bbox 1010 2930 1149 2994; x_wconf 84' lang='lat' dir='ltr'>Aiebant</span> <span class='ocrx_word' id='word_1_186' title='bbox 1163 2930 1258 2994; x_wconf 88' lang='lat' dir='ltr'>euim</span> 
     </span>
     <span class='ocr_line' id='line_1_27' title="bbox 161 3028 1258 3111; baseline -0.004 -17"><span class='ocrx_word' id='word_1_187' title='bbox 161 3031 272 3095; x_wconf 89' lang='lat' dir='ltr'>nullos</span> <span class='ocrx_word' id='word_1_188' title='bbox 284 3035 392 3092; x_wconf 80' lang='lat' dir='ltr'>urente</span> <span class='ocrx_word' id='word_1_189' title='bbox 405 3028 541 3110; x_wconf 87' lang='lat' dir='ltr'>cogitari</span> <span class='ocrx_word' id='word_1_190' title='bbox 560 3048 654 3110; x_wconf 90' lang='lat' dir='ltr'>posse</span> <span class='ocrx_word' id='word_1_191' title='bbox 667 3028 783 3092; x_wconf 87' lang='lat' dir='ltr'>mundi</span> <span class='ocrx_word' id='word_1_192' title='bbox 795 3029 929 3107; x_wconf 90' lang='lat' dir='ltr'>limites,</span> <span class='ocrx_word' id='word_1_193' title='bbox 944 3030 1029 3092; x_wconf 89' lang='lat' dir='ltr'>ultra</span> <span class='ocrx_word' id='word_1_194' title='bbox 1045 3049 1128 3111; x_wconf 90' lang='lat' dir='ltr'>quos</span> <span class='ocrx_word' id='word_1_195' title='bbox 1143 3037 1258 3092; x_wconf 82' lang='lat' dir='ltr'>exten·</span> 
     </span>
     <span class='ocr_line' id='line_1_28' title="bbox 160 3125 1257 3208; baseline -0.005 -15"><span class='ocrx_word' id='word_1_196' title='bbox 160 3130 291 3194; x_wconf 90' lang='lat' dir='ltr'>sionem</span> <span class='ocrx_word' id='word_1_197' title='bbox 306 3129 392 3191; x_wconf 84' lang='lat' dir='ltr'>trine</span> <span class='ocrx_word' id='word_1_198' title='bbox 406 3127 662 3190; x_wconf 87' lang='lat' dir='ltr'>mensurabilem</span> <span class='ocrx_word' id='word_1_199' title='bbox 678 3146 771 3190; x_wconf 89' lang='lat' dir='ltr'>mens</span> <span class='ocrx_word' id='word_1_200' title='bbox 787 3127 895 3189; x_wconf 91' lang='lat' dir='ltr'>adbuc</span> <span class='ocrx_word' id='word_1_201' title='bbox 917 3145 982 3191; x_wconf 89' lang='lat' dir='ltr'>uon</span> <span class='ocrx_word' id='word_1_202' title='bbox 998 3127 1173 3208; x_wconf 89' lang='lat' dir='ltr'>concipiat.</span> <span class='ocrx_word' id='word_1_203' title='bbox 1189 3125 1257 3189; x_wconf 77' lang='lat' dir='ltr'>m·</span> 
     </span>
     <span class='ocr_line' id='line_1_29' title="bbox 161 3224 1259 3306; baseline -0.001 -17"><span class='ocrx_word' id='word_1_204' title='bbox 161 3231 269 3292; x_wconf 86' lang='lat' dir='ltr'>tensio</span> <span class='ocrx_word' id='word_1_205' title='bbox 285 3235 393 3288; x_wconf 90' lang='lat' dir='ltr'>autem</span> <span class='ocrx_word' id='word_1_206' title='bbox 409 3233 458 3288; x_wconf 93' lang='lat' dir='ltr'>est</span> <span class='ocrx_word' id='word_1_207' title='bbox 478 3244 611 3306; x_wconf 88' lang='lat' dir='ltr'>eorpus,</span> <span class='ocrx_word' id='word_1_208' title='bbox 628 3244 665 3288; x_wconf 92' lang='lat' dir='ltr'>ac</span> <span class='ocrx_word' id='word_1_209' title='bbox 680 3224 820 3306; x_wconf 88' lang='lat' dir='ltr'>proinde</span> <span class='ocrx_word' id='word_1_210' title='bbox 835 3233 883 3288; x_wconf 88' lang='lat' dir='ltr'>est</span> <span class='ocrx_word' id='word_1_211' title='bbox 894 3225 1018 3306; x_wconf 75' lang='lat' dir='ltr'>ahquid</span> <span class='ocrx_word' id='word_1_212' title='bbox 1035 3226 1076 3288; x_wconf 91' lang='lat' dir='ltr'>ad</span> <span class='ocrx_word' id='word_1_213' title='bbox 1092 3226 1259 3288; x_wconf 88' lang='lat' dir='ltr'>mundum</span> 
     </span>
    </p>
   </div>
   <div class='ocr_carea' id='block_1_5' title="bbox 163 3322 1370 3408">
    <p class='ocr_par' dir='ltr' id='par_1_6' title="bbox 163 3322 1370 3408">
     <span class='ocr_line' id='line_1_30' title="bbox 163 3322 1370 3408; baseline -0.003 -19"><span class='ocrx_word' id='word_1_214' title='bbox 163 3326 345 3408; x_wconf 84' lang='lat' dir='ltr'>pertinens.</span> <span class='ocrx_word' id='word_1_215' title='bbox 371 3322 457 3405; x_wconf 88' lang='lat' dir='ltr'>Ergo</span> <span class='ocrx_word' id='word_1_216' title='bbox 481 3324 673 3404; x_wconf 83' lang='lat' dir='ltr'>quicunque</span> <span class='ocrx_word' id='word_1_217' title='bbox 696 3324 796 3387; x_wconf 89' lang='lat' dir='ltr'>modo</span> <span class='ocrx_word' id='word_1_218' title='bbox 818 3323 899 3386; x_wconf 85' lang='lat' dir='ltr'>lines</span> <span class='ocrx_word' id='word_1_219' title='bbox 915 3323 1151 3405; x_wconf 83' lang='lat' dir='ltr'>praefiniantur,</span> <span class='ocrx_word' id='word_1_220' title='bbox 1169 3325 1261 3388; x_wconf 84' lang='lat' dir='ltr'>ultra</span> <span class='ocrx_word' id='word_1_221' title='bbox 1363 3362 1370 3376; x_wconf 88' lang='lat'><strong>·</strong></span> 
     </span>
    </p>
   </div>
   <div class='ocr_carea' id='block_1_6' title="bbox 162 3421 1259 3900">
    <p class='ocr_par' dir='ltr' id='par_1_7' title="bbox 162 3421 1259 3900">
     <span class='ocr_line' id='line_1_31' title="bbox 162 3421 1259 3502; baseline -0.005 -14"><span class='ocrx_word' id='word_1_222' title='bbox 162 3443 221 3488; x_wconf 89' lang='lat' dir='ltr'>eos</span> <span class='ocrx_word' id='word_1_223' title='bbox 241 3421 384 3485; x_wconf 91' lang='lat' dir='ltr'>muudus</span> <span class='ocrx_word' id='word_1_224' title='bbox 414 3439 544 3502; x_wconf 87' lang='lat' dir='ltr'>semper</span> <span class='ocrx_word' id='word_1_225' title='bbox 562 3422 786 3502; x_wconf 86' lang='lat' dir='ltr'>protenditur.</span> <span class='ocrx_word' id='word_1_226' title='bbox 817 3423 901 3486; x_wconf 86' lang='lat' dir='ltr'>Hinc</span> <span class='ocrx_word' id='word_1_227' title='bbox 926 3422 1009 3485; x_wconf 91' lang='lat' dir='ltr'>nulli</span> <span class='ocrx_word' id='word_1_228' title='bbox 1032 3430 1109 3485; x_wconf 89' lang='lat' dir='ltr'>suut</span> <span class='ocrx_word' id='word_1_229' title='bbox 1136 3421 1259 3485; x_wconf 89' lang='lat' dir='ltr'>mundi</span> 
     </span>
     <span class='ocr_line' id='line_1_32' title="bbox 162 3521 298 3586; baseline -0.015 -1"><span class='ocrx_word' id='word_1_230' title='bbox 162 3521 298 3586; x_wconf 89' lang='lat' dir='ltr'>limites.</span> 
     </span>
     <span class='ocr_line' id='line_1_33' title="bbox 204 3617 1183 3702; baseline -0.002 -16"><span class='ocrx_word' id='word_1_231' title='bbox 204 3620 278 3686; x_wconf 75' lang='lat'>255.</span> <span class='ocrx_word' id='word_1_232' title='bbox 302 3619 486 3684; x_wconf 80' lang='lat' dir='ltr'>Pnunosrno</span> <span class='ocrx_word' id='word_1_233' title='bbox 503 3617 554 3681; x_wconf 92' lang='lat' dir='ltr'>lV.</span> <span class='ocrx_word' id='word_1_234' title='bbox 570 3618 684 3682; x_wconf 82' lang='lat' dir='ltr'>Mundi</span> <span class='ocrx_word' id='word_1_235' title='bbox 694 3620 832 3682; x_wconf 77' lang='lat' dir='ltr'>cetensio</span> <span class='ocrx_word' id='word_1_236' title='bbox 846 3621 1014 3683; x_wconf 69' lang='lat' dir='ltr'>messario</span> <span class='ocrx_word' id='word_1_237' title='bbox 1025 3622 1117 3702; x_wconf 75' lang='lat' dir='ltr'>finita</span> <span class='ocrx_word' id='word_1_238' title='bbox 1130 3629 1183 3684; x_wconf 82' lang='lat' dir='ltr'>ert.</span> 
     </span>
     <span class='ocr_line' id='line_1_34' title="bbox 206 3715 1257 3796; baseline 0 -17"><span class='ocrx_word' id='word_1_239' title='bbox 206 3716 366 3782; x_wconf 85' lang='lat' dir='ltr'>Probatur</span> <span class='ocrx_word' id='word_1_240' title='bbox 382 3716 413 3777; x_wconf 74' lang='grc' dir='ltr'>1ο</span> <span class='ocrx_word' id='word_1_241' title='bbox 429 3735 468 3778; x_wconf 79' lang='lat' dir='ltr'>ea</span> <span class='ocrx_word' id='word_1_242' title='bbox 484 3715 581 3778; x_wconf 86' lang='lat' dir='ltr'>dictis</span> <span class='ocrx_word' id='word_1_243' title='bbox 598 3716 632 3777; x_wconf 89' lang='lat' dir='ltr'>in</span> <span class='ocrx_word' id='word_1_244' title='bbox 648 3717 817 3796; x_wconf 88' lang='lat' dir='ltr'>ontologia</span> <span class='ocrx_word' id='word_1_245' title='bbox 842 3719 883 3778; x_wconf 92' lang='lat' dir='ltr'>de</span> <span class='ocrx_word' id='word_1_246' title='bbox 909 3716 1257 3782; x_wconf 82' lang='lat' dir='ltr'>infiniteextensionis</span> 
     </span>
     <span class='ocr_line' id='line_1_35' title="bbox 162 3813 1259 3900; baseline -0.001 -21"><span class='ocrx_word' id='word_1_247' title='bbox 162 3815 380 3897; x_wconf 79' lang='lat' dir='ltr'>repugnantia</span> <span class='ocrx_word' id='word_1_248' title='bbox 395 3815 444 3891; x_wconf 85' lang='lat'>(0.</span> <span class='ocrx_word' id='word_1_249' title='bbox 463 3813 535 3889; x_wconf 74' lang='grc'>551,</span> <span class='ocrx_word' id='word_1_250' title='bbox 553 3815 596 3891; x_wconf 80' lang='lat'>5⁰)</span> <span class='ocrx_word' id='word_1_251' title='bbox 614 3831 623 3889; x_wconf 89' lang='lat'>;</span> <span class='ocrx_word' id='word_1_252' title='bbox 640 3814 667 3876; x_wconf 89' lang='lat' dir='ltr'>si</span> <span class='ocrx_word' id='word_1_253' title='bbox 687 3833 725 3876; x_wconf 91' lang='lat' dir='ltr'>ea</span> <span class='ocrx_word' id='word_1_254' title='bbox 747 3815 861 3878; x_wconf 91' lang='lat' dir='ltr'>mundi</span> <span class='ocrx_word' id='word_1_255' title='bbox 884 3815 1065 3880; x_wconf 82' lang='lat' dir='ltr'>extensioni</span> <span class='ocrx_word' id='word_1_256' title='bbox 1089 3817 1259 3900; x_wconf 88' lang='lat' dir='ltr'>applicen-</span> 
     </span>
    </p>
   </div>
   <div class='ocr_carea' id='block_1_7' title="bbox 72 3910 228 3977">
    <p class='ocr_par' dir='ltr' id='par_1_8' title="bbox 72 3910 228 3977">
     <span class='ocr_line' id='line_1_36' title="bbox 72 3910 228 3977; baseline -0.006 0"><span class='ocrx_word' id='word_1_257' title='bbox 72 3910 75 3915; x_wconf 72' lang='grc'><em>’</em></span> <span class='ocrx_word' id='word_1_258' title='bbox 160 3921 228 3977; x_wconf 88' lang='lat' dir='ltr'>tur.</span> 
     </span>
    </p>
   </div>
   <div class='ocr_carea' id='block_1_8' title="bbox 208 4007 1256 4089">
    <p class='ocr_par' dir='ltr' id='par_1_9' title="bbox 208 4007 1256 4089">
     <span class='ocr_line' id='line_1_37' title="bbox 208 4007 1256 4089; baseline 0.001 -15"><span class='ocrx_word' id='word_1_259' title='bbox 208 4011 242 4074; x_wconf 69' lang='lat'>2⁰</span> <span class='ocrx_word' id='word_1_260' title='bbox 263 4007 309 4070; x_wconf 82' lang='lat' dir='ltr'>Ex</span> <span class='ocrx_word' id='word_1_261' title='bbox 336 4007 476 4071; x_wconf 80' lang='lat' dir='ltr'>falsitate</span> <span class='ocrx_word' id='word_1_262' title='bbox 503 4027 619 4072; x_wconf 86' lang='lat' dir='ltr'>eorum</span> <span class='ocrx_word' id='word_1_263' title='bbox 646 4010 768 4089; x_wconf 89' lang='lat' dir='ltr'>quibus</span> <span class='ocrx_word' id='word_1_264' title='bbox 783 4010 959 4073; x_wconf 85' lang='lat' dir='ltr'>adversarii</span> <span class='ocrx_word' id='word_1_265' title='bbox 980 4013 1064 4076; x_wconf 86' lang='lat' dir='ltr'>ratio</span> <span class='ocrx_word' id='word_1_266' title='bbox 1088 4010 1256 4075; x_wconf 88' lang='lat' dir='ltr'>innititur.</span> 
     </span>
    </p>
   </div>
   <div class='ocr_carea' id='block_1_9' title="bbox 0 0 1400 4600">
    <p class='ocr_par' dir='ltr' id='par_1_10' title="bbox 0 0 1400 4600">
     <span class='ocr_line' id='line_1_38' title="bbox 0 0 1400 4600; baseline 0 0"><span class='ocrx_word' id='word_1_267' title='bbox 0 0 1400 4600; x_wconf 95' lang='lat' dir='ltr'> </span> 
     </span>
    </p>
   </div>
  </div>
 </body>
</html>
