2792 4600
680 289 853 337 uniondum.

647 456 809 502 nantelmus
826 456 868 502 lV·

517 589 561 652 Dc
579 572 766 671 qualitatum
785 586 1012 652 contrarietate.

256 734 328 800 195.
342 738 419 815 Tres
445 736 611 817 qualitatis
637 734 854 817 proprietates
877 740 1025 797 recenset
1041 732 1231 798 Aristoteles
1246 734 1305 812 (rit

220 833 248 896 1³
272 845 332 911 est,
354 835 389 897 in
419 835 633 916 qualitatibus
661 828 926 897 contrarietatem
939 833 1107 913 propriam
1137 830 1304 897 inveniri:
1367 844 1368 919 i

118 974 123 985 -
217 931 247 995 Ψ
274 933 461 1014 qualitatem
476 932 673 995 intensionis
686 950 723 993 ac
738 931 944 994 remissionis
960 947 1112 1011 capacem
1126 929 1308 994 esse25⁸se·
1367 922 1368 1001 l

215 1032 361 1094 cundum
377 1031 566 1119 qualitatem
596 1048 647 1092 res
676 1029 742 1091 dici
765 1029 892 1091 similes
906 1029 956 1089 vei
971 1027 1163 1091 dissimiles.
1182 1029 1227 1092 lle
1244 1043 1327 1109 p0··

140 1184 143 1189 .
214 1135 333 1193 strema
350 1131 410 1193 hac
427 1129 690 1210 insequentibus
706 1127 861 1191 nonnihil
879 1127 1050 1191 dicemus:
1069 1143 1156 1190 nunc
1171 1124 1302 1207 aliquid

216 1226 257 1288 de
272 1227 389 1308 primis
405 1227 543 1290 duabus.

258 1323 328 1387 194.
346 1322 515 1386 Contraria
543 1331 629 1396 sunt,
645 1323 735 1400 iuxta
764 1320 911 1401 ejusdem
931 1321 1116 1385 Aristotelis
1135 1320 1306 1384 delinitio·

216 1437 290 1484 nem
312 1439 397 1502 :quoe
418 1421 472 1483 sul
494 1421 592 1483 ecdem
613 1439 719 1500 genere
733 1420 868 1481 maxime
879 1420 1008 1496 distant,
1023 1427 1051 1480 et
1066 1420 1104 1482 ab
1116 1419 1216 1483 codem
1231 1419 1304 1482 aut·

208 1518 289 1600 jecto
302 1527 407 1582 mutuo
428 1538 458 1580 sc
469 1519 628 1599 expellunt
643 1521 693 1596 (a).

255 1619 339 1681 Sunt
354 1617 453 1699 igitur
469 1620 500 1680 1⁰
511 1616 584 1678 duae
600 1635 650 1678 res
667 1615 827 1697 positivae.
854 1616 935 1680 Nam
953 1615 1129 1695 positivum
1152 1615 1229 1678 cum
1246 1632 1305 1678 ne·

217 1717 334 1796 gativo,
348 1733 415 1778 non
445 1716 621 1790 contrarie,
644 1714 701 1776 sed
732 1713 988 1777 contradictorie
1004 1713 1053 1775 vel
1072 1714 1230 1794 privative
1246 1732 1307 1795 pu·

216 1824 292 1894 goat
308 1815 415 1894 (ndu,
435 1813 528 1892 1⁰20).
539 1813 622 1876 Sunt
637 1806 745 1876 autem
758 1812 824 1876 duo
841 1813 980 1894 positiva
996 1831 1063 1876 non
1079 1813 1304 1890 subsistentia,
1367 1832 1368 1847 t

218 1911 275 1975 sed
286 1911 431 1993 subjecto
447 1920 524 1992 apto
537 1911 745 1984 intrarentin.
754 1910 951 1975 Substantiae
967 1909 1129 1992 euimqna
1144 1910 1306 1975 talesnul·

218 2010 283 2073 lam
300 2011 385 2074 inter
400 2029 435 2073 se
446 2011 710 2074 contrarietatem
728 2009 862 2073 habent.

259 2109 293 2170 2⁰
307 2109 376 2172 Sub
392 2108 507 2173 eodem
538 2126 656 2190 genere
676 2110 908 2185 continentur;
926 2108 1078 2173 videlicet
1093 2109 1143 2172 vel
1155 2110 1307 2191 proximo

219 2208 268 2270 vel
284 2218 422 2292 remoto,
452 2208 533 2270 Nam
562 2209 727 2272 contraria
752 2207 860 2272 eidem
878 2207 1310 2289 subjectovicissiminsunt
1367 2248 1368 2255 κ

220 2326 259 2370 ex
274 2308 320 2369 rei
334 2317 461 2371 natura.
471 2309 640 2372 Transitus
655 2318 763 2370 autem
780 2309 820 2370 ab
837 2325 904 2371 uno
919 2309 958 2369 ad
976 2308 1066 2372 aliud
1081 2326 1148 2372 non
1164 2308 1307 2390 fitpersc

220 2405 307 2467 inter
322 2422 357 2467 ea
374 2424 446 2487 quae
462 2423 580 2486 genere
595 2405 771 2483 differunt3
788 2423 855 2469 non
871 2407 960 2468 enim
976 2424 1062 2487 ugr.
1075 2406 1109 2469 lit
1122 2405 1307 2492 transitusa
1367 2401 1368 2458 i

218 2495 291 2566 loco
308 2505 342 2566 iu
359 2504 617 2585 qualitatemdc
632 2512 788 2586 preterea
803 2505 830 2567 si
847 2504 1031 2586 subjectum
1046 2505 1133 2568 idem
1147 2523 1249 2587 capax
1260 2512 1306 2567 est
1367 2461 1368 2500 ¹

1367 2527 1368 2560 l

219 2601 352 2664 divisim
382 2602 555 2684 utriusque
584 2603 756 2678 contrarii,
778 2602 841 2666 hoc
871 2603 947 2667 ideo
962 2613 1021 2680 est,
1039 2603 1117 2685 quia
1141 2602 1304 2667 contraria

218 2701 480 2763 convenientiam
507 2702 651 2782 aliquam
680 2701 813 2777 habent,
845 2719 964 2783 nempe
980 2703 1015 2764 in
1042 2702 1153 2783 aliqua
1177 2703 1305 2766 ratione
1367 2695 1368 2782 l

218 2801 369 2880 generice
396 2809 527 2863 coeunt.
559 2799 755 2864 lnductione
783 2810 892 2865 autem
907 2800 1034 2865 ostendi
1050 2802 1168 2883 potest,
1187 2800 1305 2882 noniin

219 2916 338 2979 genere
352 2899 461 2962 solum
486 2917 627 2975 summo,
654 2900 711 2961 sed
734 2908 766 2963 et
780 2900 815 2963 in
838 2901 952 2982 aliquo
979 2918 1098 2982 genere
1116 2899 1305 2965 subalterno
1367 2893 1368 2974 l

218 2997 581 3062 contrariaconvenirc.
1367 2995 1368 3080 j

257 3096 330 3160 Nou
342 3106 479 3178 possunt
492 3106 600 3160 autem
616 3115 688 3178 quae
705 3115 778 3160 vere
796 3098 960 3160 contraria
976 3106 1063 3174 sunt,
1072 3097 1220 3179 eiusdem
1233 3114 1302 3161 esse

218 3195 352 3277 speciei,
370 3204 406 3259 ut
424 3204 526 3276 patet;
543 3214 636 3259 secus
666 3212 734 3258 nou
749 3213 784 3258 se
800 3197 864 3258 hoc
892 3204 987 3278 pacto
1014 3195 1235 3259 excluderent.
1261 3194 1305 3257 lta
1367 3177 1368 3198 ¹

218 3295 398 3358 caloricum
412 3314 441 3358 v.
451 3312 499 3376 gr.
507 3295 640 3375 corpori
656 3294 805 3357 additum
818 3294 997 3357 caloricum
1014 3294 1222 3375 praeexistens
1238 3311 1304 3359 non
1367 3365 1368 3368 Ἴ

186 3393 190 3408 “
218 3392 389 3472 extinguit,
406 3391 812 3455 necscientiascientiam.
1108 3398 1109 3402 ’
1367 3373 1368 3406 ³

258 3491 439 3555 aristosa
454 3492 595 3553 maxime
611 3489 733 3553 distant
750 3490 806 3553 :id
823 3490 911 3570 quod
928 3489 1037 3572 primo
1054 3490 1250 3574 intelligitur
1263 3489 1302 3556 de
1367 3523 1368 3558 l

217 3589 402 3653 differentia
418 3589 526 3670 quoad
543 3595 693 3651 naturam
708 3598 740 3650 et
755 3588 1055 3671 essentiam,eaque
1070 3589 1224 3667 maxima,
1237 3605 1302 3652 non

217 3688 377 3766 absolute,
392 3689 448 3751 scd
463 3688 525 3751 sub
540 3686 658 3751 eodem
670 3704 790 3767 genere
806 3704 815 3752 ε
833 3686 916 3750 nulli
935 3688 1024 3750 enim
1037 3688 1189 3765 dubium,
1206 3704 1300 3769 posse
1367 3725 1368 3772 t

216 3805 319 3851 unum
335 3788 579 3852 contrariorum
605 3785 738 3848 differre
768 3786 901 3867 magica
918 3787 1016 3850 rebus
1028 3787 1088 3851 suh
1105 3788 1171 3850 alio
1185 3802 1301 3867 genere
1367 3859 1368 3870 ἵ

247 3920 280 3973 ll)
290 3919 348 3966 Cute
364 3950 370 3961 .
385 3920 446 3979 Cap.
456 3916 581 3977 dequalit.

248 3976 278 4031 (2)
290 3977 320 4027 lt.
357 3984 386 4022 er.
402 3988 425 4023 c.
437 3976 475 4023 vl.
