2792 4600
434 377 521 433 utuun
542 388 685 445 ooaarus,
710 388 801 435 orror
823 388 856 434 u.
1132 369 1193 433 tta

147 505 228 567 Deus
244 501 372 564 excedit
389 509 513 565 uaturae
525 495 678 565 ordinem
696 518 704 564 :
725 524 739 559 a
755 503 844 581 quia,
858 510 894 564 ut
906 520 933 565 s,
946 500 1088 564 Thomas
1100 501 1191 577 dicit,

109 626 123 659 ι
146 600 256 663 ordini
280 600 498 662 secundarum
519 598 689 662 causarum
707 600 777 680 ipse
794 618 858 662 non
876 611 924 664 est
939 600 1117 683 subjectus,
1136 600 1193 663 sed

110 724 124 757 ι
147 698 220 760 talis
243 698 326 761 ordo
349 698 380 760 ei
396 697 583 777 subjicitur,
607 699 701 778 quasi
722 698 762 760 ab
783 716 822 761 eo
844 698 1034 778 procedens,
1051 716 1117 762 nou
1136 716 1194 786 per

107 793 371 859 «necessitatem
411 806 547 869 naturae,
584 797 642 859 sed
679 815 737 877 per
771 796 945 859 arbitrium
981 797 1191 860 voluntatis:

107 916 122 953 c
146 895 306 973 potuisset
326 894 415 957 enim
435 904 466 958 et
485 895 586 966 alium
607 896 761 957 ordinem
783 912 894 958 rerum
919 896 1092 959 instituere
1108 899 1157 974 (t).
1177 920 1191 954 ι

13 1069 14 1084 ¹
145 992 231 1055 Deus
247 993 374 1056 excedit
393 1002 517 1056 naturae
541 992 744 1070 facultatem;
772 996 892 1057 etenim
918 1002 1043 1056 uaturae
1059 995 1194 1056 facultas

104 1091 196 1153 finita
212 1104 270 1167 cst,
287 1093 390 1155 virtus
405 1102 513 1155 autem
529 1092 639 1154 civica
663 1101 711 1155 est
727 1092 868 1167 infinita,
887 1109 918 1154 et
933 1093 972 1153 ed
990 1094 1102 1155 omnia
1118 1110 1193 1171 pos·

80 1188 218 1278 ‘sibilia
234 1210 269 1252 se
285 1191 436 1272 porrigit.
499 1245 505 1250 .

144 1306 218 1371 tto.
243 1306 406 1369 Probatur
421 1308 455 1371 2⁰
470 1307 670 1370 distinctius.
696 1307 813 1370 Divina
826 1302 930 1373 virtus
946 1301 1073 1371 efficere
1089 1315 1195 1389 potest

13 1401 14 1438 i
101 1416 173 1469 tum
189 1425 261 1486 quae
275 1426 370 1487 supro
385 1415 532 1469 caturam
546 1415 633 1480 suut,
651 1417 721 1468 tum
738 1426 810 1488 quae
825 1415 1107 1480 contraventurum,
1122 1415 1193 1468 tum

100 1522 176 1583 quae
189 1514 458 1596 proteruootcrom
474 1505 569 1585 (458).
588 1508 685 1587 urge.

145 1619 180 1680 1⁰
202 1618 336 1683 Efficere
353 1627 457 1699 potest
471 1639 545 1700 quae
556 1628 633 1684 suut
646 1635 743 1701 supro
762 1628 925 1683 acturam.

143 1717 227 1781 Nam
243 1716 346 1779 virtus
363 1717 491 1782 infinita
503 1719 631 1782 efficere
644 1727 752 1799 potest
763 1738 799 1781 ea
812 1720 935 1795 omnia,
949 1719 989 1781 ad
1005 1737 1077 1800 quae
1090 1718 1194 1780 virtus

102 1816 198 1878 finita
221 1833 295 1903 nou
309 1816 477 1896 pertingit,
501 1826 565 1880 tarn
588 1819 660 1881 siue
675 1818 903 1897 praeexistcnte
917 1816 1077 1900 subjecto,
1096 1835 1196 1898 quam

103 1913 139 1976 iu
157 1929 357 1995 quocunque
376 1914 524 1996 subjecto
544 1915 782 1995 praeexisteute.

147 2029 181 2092 2⁰
204 2029 339 2093 Efficere
355 2037 460 2112 potest
475 2049 547 2112 quae
561 2024 639 2106 sun't
652 2042 760 2094 contro
775 2038 932 2095 caturam.
949 2029 992 2096 Et
1006 2031 1069 2095 hoc
1084 2031 1196 2114 dupli·

104 2126 205 2190 citer.
511 2191 515 2198 ,

149 2226 264 2290 Primo
289 2245 394 2289 causoe
417 2238 531 2291 create
552 2247 643 2292 suam
665 2229 932 2310 cooperationem
958 2228 1196 2296 subtrahendo.

13 2358 14 2365 κ
104 2324 240 2388 Etenim
262 2343 367 2388 causae
388 2327 540 2390 secundae
556 2328 642 2389 nihii
658 2345 753 2407 agere
771 2335 917 2407 possunt,
942 2326 1006 2391 nisi
1024 2328 1108 2390 [teus
1123 2345 1199 2390 cum

105 2424 192 2506 ipsis
218 2424 258 2486 ad
286 2425 418 2513 effectus
438 2427 702 2507 productionem
732 2436 916 2490 concurrat.
940 2425 974 2489 st
1001 2426 1099 2508 igitur
1114 2426 1199 2489 Deus

13 2514 14 2519 ’
104 2524 376 2605 cooperationem
398 2543 490 2587 suam
517 2525 630 2608 atiquo
656 2534 805 2606 ternpore
832 2524 1005 2588 intermitti
1032 2525 1198 2601 decernat,

105 2622 173 2685 hoc
199 2620 272 2701 ipso
287 2641 383 2685 causa
397 2623 553 2699 secunda,
571 2623 648 2686 ticet
662 2623 812 2703 expedita
827 2624 867 2684 ad
884 2622 1058 2704 agendum,
1088 2624 1198 2686 omni·

105 2721 239 2801 busque
255 2721 371 2801 positis
387 2722 568 2803 requisitis,
585 2740 645 2785 suo
661 2722 785 2785 carebit
801 2721 928 2785 effectu.
1170 2732 1172 2737 '

149 2820 314 2896 Secundo,
338 2822 651 2903 cohibendamque
669 2822 750 2885 adeo
774 2821 929 2884 elidendo
952 2821 982 2882 vi
1000 2821 1116 2899 majori
1133 2820 1199 2884 rim
1308 2858 1316 2867 ι

103 2936 215 2982 causae
230 2929 353 2994 creatae,
371 2920 438 2983 sive
454 2921 643 2985 immediate
661 2940 718 3001 per
730 2940 776 2997 se,
789 2922 858 2984 sive
875 2921 1015 2984 mediate
1031 2939 1090 3002 per
1101 2908 1199 2983 aliam

102 3034 253 3093 causam,
269 3028 362 3080 aucta
379 3019 519 3080 naturali
536 3018 607 3100 ejus
623 3018 797 3084 activitate.
868 3083 870 3087 .

151 3118 219 3180 Hoc
235 3129 328 3198 pacto
342 3138 372 3181 v.
389 3136 437 3199 gr.
457 3121 540 3182 [teus
558 3116 686 3180 efficere
704 3127 820 3198 potest,
836 3128 871 3182 ut
886 3136 1005 3198 corpus
1019 3120 1200 3180 humanum

103 3214 142 3278 in
175 3216 252 3297 iguo
282 3217 425 3297 positum
456 3235 522 3280 uon
543 3218 767 3292 comburatur,
796 3227 860 3279 tam
882 3208 1108 3280 subtrahendo
1131 3214 1199 3297 igni
1259 3253 1262 3257 -

13 3322 14 3355 r
100 3330 202 3390 suam
231 3315 507 3396 cooperationem,
539 3334 636 3397 quam
667 3315 945 3379 communicando
974 3314 1105 3395 corpori
1133 3313 1200 3375 vim
1225 3375 1249 3396 „

102 3411 212 3485 illam,
233 3431 297 3493 qua
313 3413 464 3493 quedam
472 3415 536 3476 alia
546 3415 926 3496 corporadissolveotem
940 3414 1026 3496 ignis
1038 3414 1201 3477 actionem

98 3510 248 3575 elidunt.
1159 3506 1163 3511 ’
1219 3518 1221 3521 ’

148 3627 180 3689 5⁰
202 3626 337 3692 Efficere
359 3638 465 3710 potest
487 3648 560 3711 quae
582 3639 659 3694 sunt
681 3641 790 3710 proter
811 3627 1101 3723 coturcmff‘rimo
1118 3625 1198 3707 quia

97 3742 205 3787 causa
221 3727 338 3806 prima,
361 3720 378 3790 'a
394 3746 458 3808 qua
474 3737 521 3790 est
535 3729 644 3792 omnis
659 3727 966 3807 activitas,»operari
985 3734 1090 3807 potest
1107 3743 1197 3807 quae·

100 3839 241 3905 cunque
257 3808 362 3888 causac
375 3826 529 3890 secundae
543 3837 733 3908 operantur,
750 3827 822 3888 siue
839 3825 1066 3909 instrumentis
1080 3822 1200 3904 quihus

103 3921 177 3984 ittae
193 3923 344 4004 indigent
360 3944 368 3986 τ
386 3926 420 3988 in
436 3945 470 3990 se
486 3925 574 3990 enim
591 3926 806 4009 praecootinet
823 3933 854 3986 et
871 3921 1106 4003 principalium
1122 3939 1200 3983 cau·

138 4079 172 4136 tt)
180 4080 246 4127 Sum.
258 4082 291 4128 ti.
302 4095 326 4142 q.
336 4082 383 4130 CV.
395 4092 443 4130 art.
456 4083 496 4131 Vl.

341 4331 353 4361 ὃ
