2792 4600
412 340 680 399 brenemensem,
705 342 797 388 canor
819 344 863 389 ιιι.
1136 327 1196 392 355

113 479 127 511 ι
150 454 233 516 sima
250 454 406 536 periodus
422 454 523 518 luisse
546 456 689 538 putanda
705 466 763 520 est.
778 458 890 521 Facies
905 459 1033 522 telluris
1049 468 1081 522 et
1096 461 1196 523 maris

112 572 127 611 r
150 552 276 635 pluries
297 553 465 617 immutata
489 554 591 619 luit...
620 555 756 618 Interim
781 557 949 620 lutulenta
967 547 1158 638 eruptiones
1179 577 1196 620 e

112 672 127 710 e
150 652 251 714 maris
267 651 371 715 tundo
387 652 540 732 proiectae
555 671 655 734 aquas
671 653 734 716 late
749 655 935 730 turbabant,
961 668 992 719 et
1014 674 1080 718 non
1096 657 1196 719 modo

20 767 21 774 ¹
108 771 127 810 n
150 749 324 813 innumera
341 751 522 826 individua,
547 752 602 814 sed
620 753 731 833 plures
753 752 879 834 speeies
902 753 1050 831 fortasse,
1075 754 1143 817 imo
1164 764 1196 817 et

20 863 21 916 j
107 868 125 906 ‹
150 848 277 929 integra
287 848 465 910 viventium
479 866 597 929 genera
609 849 821 912 destruebant
834 867 842 913 ε
857 851 1016 914 immensa
1027 854 1196 931 congeries

20 927 22 970 '
109 967 124 1006 r
148 946 381 1026 vegetabilium
398 946 653 1009 substantiarum
671 947 705 1007 in
722 947 790 1009 imo
803 947 1043 1010 recondebatur
1056 950 1149 1024 mari,
1165 958 1196 1011 et

106 1064 121 1103 r
149 1043 185 1106 in
202 1043 329 1107 futuros
352 1062 431 1106 usus
454 1043 611 1107 nascituri
632 1044 762 1125 generis
787 1045 922 1107 humaui
947 1046 1194 1110 reservabatur:

108 1164 124 1200 e
148 1141 281 1206 tandem
308 1143 451 1223 untiquae
466 1143 532 1204 illae
547 1142 675 1205 telluris
696 1142 972 1223 perturbationes,
989 1155 1021 1205 et
1035 1162 1195 1225 aquarum

107 1265 123 1302 ι
147 1240 247 1305 uobis
263 1241 368 1305 fontes
382 1240 550 1323 parabant,
568 1250 599 1304 et
612 1243 742 1304 metalla
754 1244 806 1321 (ι).
827 1265 841 1302 r

146 1340 221 1405 διδ.
245 1342 282 1405 ln
299 1342 414 1403 ultima
432 1340 578 1420 periodo,
599 1359 672 1422 quae
686 1341 786 1421 lungo
802 1349 833 1403 et
848 1342 918 1422 ipsa
935 1352 1083 1423 tempore
1104 1360 1196 1405 eom·

105 1440 270 1601 prffnsa
292 1438 393 1501 luisse
416 1437 555 1513 videtur,
579 1438 735 1500 animalia
759 1440 925 1501 terrestria
945 1440 1078 1502 condita
1099 1449 1194 1514 sunt;

104 1539 156 1620 pri
196 1536 330 1601 omulta
345 1553 417 1616 quae
433 1537 574 1616 amplius
591 1553 656 1599 non
673 1537 905 1612 exstant‚‘dein
923 1555 995 1617 quae
1011 1547 1122 1600 nostra
1137 1538 1193 1598 ad·

108 1638 173 1702 buo
202 1644 293 1699 rotate
315 1634 616 1715 vigent‚'interque
638 1633 709 1696 baeo
731 1635 839 1715 primo
863 1632 1048 1708 herbitum,
1074 1634 1195 1697 deinde

103 1736 183 1799 lerae
205 1745 237 1798 ot
252 1734 505 1816 quadrumaues.
523 1730 629 1804 Quum
646 1749 723 1794 vero
738 1732 849 1795 omnia
864 1733 909 1794 ite
924 1732 1095 1812 disposita,
1112 1741 1194 1794 tem·

106 1843 230 1917 perata,
248 1839 402 1896 exornata
425 1842 513 1906 sunt,
537 1838 573 1891 ut
588 1829 733 1892 bominis
748 1838 860 1910 aptum
882 1830 1090 1893 domicilium
1109 1839 1193 1892 terra
1300 1891 1301 1894 ,

99 1932 219 1997 affecta
249 1940 344 2006 esset,
372 1937 442 1991 tum
464 1922 597 1990 demum
625 1928 679 1989 liic
695 1928 837 1989 universi
857 1928 1022 2009 princeps,
1040 1937 1072 1990 et
1093 1929 1192 1991 totius

103 2042 230 2096 naturae
245 2031 379 2094 nomine
395 2027 551 2091 creatoris
567 2028 731 2102 sacerdos,
750 2028 849 2090 bomo
863 2029 1026 2108 apparuit.

143 2131 218 2194 att.
244 2132 289 2194 Ex
306 2130 358 2190 bis
378 2126 582 2205 vides‘quam
599 2123 742 2187 mirabili
759 2125 976 2187 consensione
998 2133 1030 2186 et
1044 2123 1193 2205 geologia

103 2247 231 2292 suoram
249 2227 420 2291 historiam
434 2225 587 2302 illustret,
604 2234 636 2286 et
650 2242 741 2286 saera
759 2225 895 2286 historia
910 2224 1093 2304 geologiam
1104 2239 1193 2284 eom·

104 2329 205 2412 pleat.
219 2327 403 2390 lliraudum
415 2343 504 2402 saue,
522 2324 735 2404 disoiplinam
752 2325 835 2384 hano
849 2341 922 2403 quae
938 2322 972 2384 in
988 2321 1144 2394 bostium,
1158 2330 1193 2383 ut

105 2427 150 2492 ita
173 2427 294 2499 dicam,
318 2423 433 2486 nastris
454 2423 562 2502 genita
586 2420 659 2497 luit,
685 2429 720 2483 ut
740 2419 893 2494 adolevit,
911 2428 946 2483 ut
960 2429 1056 2482 terrae
1070 2420 1193 2485 visoera

18 2558 20 2643 ι
47 2550 52 2558 ·
106 2525 327 2607 perlustravit,
351 2532 448 2602 etque
469 2521 510 2583 ed
532 2519 678 2583 scientie
701 2519 893 2603 dignitatem
909 2530 1018 2581 everte
1040 2527 1099 2592 est,
1116 2535 1192 2581 oum

101 2626 147 2688 od
159 2621 401 2687 maledicendum
416 2619 535 2681 divinae
549 2618 742 2681 revelationi
755 2616 796 2678 ab
812 2617 994 2679 incredulis
1006 2625 1191 2692 vocaretur,

106 2724 171 2805 ipsi
190 2742 209 2784 e
228 2726 406 2793 contrario,
420 2720 460 2779 'in
482 2717 625 2779 Balaami
649 2717 740 2780 illius
763 2716 1018 2780 similitudinem
1034 2719 1083 2795 (a),
1107 2717 1193 2778 bene·

102 2823 233 2897 dixisse,
251 2819 291 2881 ad
315 2821 451 2898 ejusque
471 2816 626 2879 tuendam
648 2815 828 2892 veritatem,
853 2814 1103 2877 ineredulorum
1125 2814 1195 2876 onie

18 2924 20 2929 ’
107 2922 235 2985 deserta
249 2920 437 2982 transiisse*
452 2917 517 2980 Nee
533 2934 609 2981 vero
623 2916 720 2980 aliter
734 2915 804 2978 fieri
820 2923 957 2996 poterat.
975 2913 1193 2987 Quemadmo-

107 3020 187 3084 dum
210 3019 300 3082 enim
323 3017 414 3079 nulla
439 3015 649 3079 tenebrarum
672 3031 746 3076 oum
763 3014 836 3077 luce
851 3013 1003 3093 coguatio
1018 3024 1077 3089 est,
1102 3012 1193 3076 nulla

18 3118 20 3173 ἶ
107 3118 265 3194 societas;
278 3117 324 3179 ita
338 3132 470 3196 quoque
484 3114 613 3177 nullum
626 3112 771 3175 veritatis
782 3123 896 3175 eontra
912 3113 1079 3175 veritatem
1095 3113 1193 3175 dissi·

108 3216 202 3280 dium
221 3223 280 3279 est.
307 3212 423 3278 Simile
443 3211 601 3294 quiddam
624 3209 774 3291 pluribus
795 3208 870 3272 aliis
887 3209 1088 3290 disciplinis,
1106 3211 1192 3274 iutra

18 3350 20 3391 ι
107 3330 290 3394 paucorum
305 3328 467 3374 annorum
484 3311 637 3391 spatium,
652 3308 811 3372 accidisse
830 3306 986 3372 vidimus.

18 3522 19 3533 γ
39 3486 42 3490 -
137 3463 168 3519 (Ι)
184 3462 270 3516 lutus
286 3461 367 3508 txvt.

139 3536 171 3593 (ἒ)
185 3536 256 3583 llum.
268 3535 392 3590 llllll‚ll.
