2792 4600
437 304 537 379 'ttnun
559 304 721 363 succuum,
744 304 835 350 cxrut'
856 306 886 351 v.
1149 287 1208 351 tta

49 480 50 505 ,
126 417 218 484 modo
234 415 425 496 incipientis
438 416 589 478 ordinem
603 416 753 496 respicit;
767 417 905 479 alterum
920 434 994 481 vero
1010 423 1078 480 tunt
1095 436 1208 482 essen·

126 517 250 592 tiarum,
266 524 335 576 turn
350 513 541 585 existentiae,
556 521 625 574 tum
641 514 841 594 cognitionis
857 514 1008 577 ordinem
1037 518 1207 598 amplecti·

126 614 286 678 tur:uibil
301 614 394 676 enim<
405 622 453 676 est
469 612 501 673 id
515 612 602 693 quod
620 620 678 686 est,
696 611 782 673 nibil
796 612 966 676 existitaut
981 617 1206 697 cognoscibile

126 725 180 789 est,
195 712 258 773 nisi
274 712 319 774 sit
332 711 460 791 aliquid
472 711 520 772 vel
536 711 655 791 inipso
670 711 719 771 vel
737 711 770 771 in
788 710 900 791 aliquo
912 712 988 787 alio,
1006 715 1095 794 qnod
1108 717 1205 797 plene

125 811 258 876 sufficiat
272 811 311 872 ad
328 811 397 888 ejus
413 811 480 872 sive
495 812 682 883 essentiam,
692 809 759 870 sive
774 809 990 886 existentiam,
1000 812 1068 874 sive
1083 833 1204 895 coguo-
1222 829 1226 837 ’

48 928 49 933 ’
124 910 328 973 scibilitatem
345 910 619 973 constituendam.

161 1010 231 1072 bl'l.
246 1008 429 1088 Utrumque
442 1026 540 1087 porro
558 1007 760 1088 principium
774 1006 907 1070 evidens
919 1017 978 1072 est.
988 1010 1057 1073 Non
1073 1012 1206 1077 defuere
1244 1054 1248 1062 ·

124 1119 225 1171 tamen
256 1107 313 1187 qui
345 1108 478 1170 illorum
507 1106 741 1168 certitudinem
773 1106 980 1185 impeterent.
1002 1109 1090 1181 Quos
1120 1112 1206 1174 inter

124 1205 315 1285 Beguelinus
331 1205 552 1267 berolinensis
564 1204 771 1267 academicus
787 1205 898 1285 elapso
915 1209 1034 1271 saeculo
1051 1210 1202 1286 eminuit,

124 1309 175 1385 qui
188 1323 376 1386 quanquam
392 1307 458 1367 duo
474 1302 547 1367 baec
559 1305 726 1385 principia
741 1305 839 1366 simul
858 1307 1080 1385 permisceret,
1096 1327 1207 1372 revera

123 1418 224 1468 tamen
241 1414 356 1483 contra
373 1402 782 1485 principiumcausalitatis
793 1413 1012 1482 argutatusest
1025 1424 1033 1483 ;
1046 1405 1208 1486 objiciens

124 1504 321 1585 principium
339 1504 401 1565 bec
416 1520 523 1582 neque
542 1519 613 1564 esse
630 1500 819 1562 immediate
835 1501 979 1576 evidens,
993 1521 1053 1567 nec
1068 1506 1205 1569 demon·

123 1603 209 1665 strari
230 1620 328 1683 posse
344 1620 352 1665 ε
371 1602 459 1664 unde
474 1602 636 1664 conclusit
651 1618 718 1663 non
736 1617 928 1680 repugnare,
944 1612 978 1662 ut
993 1603 1119 1684 aliquid
1134 1606 1206 1668 sine

123 1719 211 1763 causa
227 1701 296 1762 ulla
322 1699 481 1762 efficiente
496 1699 534 1761 ad
561 1698 767 1760 existendum
784 1696 930 1777 prodeat,
949 1717 1024 1761 casu
1052 1719 1121 1762 mer
1137 1701 1203 1765 for·

124 1798 200 1861 tuito
215 1800 367 1876 (t).Hunc
383 1807 418 1860 ut
432 1799 622 1870 retutemus,
638 1796 795 1876 principii
813 1796 1011 1859 causalitatis
1022 1798 1204 1864 absolutam

123 1907 150 1960 et
165 1897 376 1959 intrinsecam
407 1896 631 1958 necessitatem
653 1895 795 1957 breviter
824 1894 1076 1973 declarabimus,
1094 1909 1205 1962 osten·

43 2032 44 2039 ,
124 1997 225 2058 dendo
244 1997 278 2057 in
290 2003 450 2076 conceptu
464 1995 631 2055 existentiae
643 1994 819 2074 incipientis
834 1994 996 2056 contineri
1010 2008 1206 2078 conceptum

125 2094 207 2156 bunc
223 2111 230 2157 :
250 2095 362 2156 babens
373 2112 499 2156 caurum
512 2095 695 2174 efficientem

550 2242 771 2289 fflmffiu

365 2359 521 2421 deseritur
540 2359 732 2440 principium
753 2360 957 2423 carnalitatis.

158 2490 229 2555 518.
248 2495 439 2557 Pncrostrro.
454 2491 651 2572 Principium
676 2493 866 2554 causalitetit
888 2500 931 2555 ert
961 2493 1152 2573 analyticum
1177 2502 1205 2556 et

122 2589 388 2655 atntmererrnm.

160 2689 242 2751 Sane
258 2691 290 2752 1ο
309 2689 398 2770 quod
418 2688 535 2769 incipit
551 2689 686 2751 existere
698 2683 920 2773 'acquirit'seu
939 2689 1059 2770 'recipit
1074 2689 1203 2771 aliquid

123 2787 205 2865 qnod
223 2788 316 2867 prins
329 2806 403 2850 non
420 2788 579 2851 babebat:
598 2787 689 2867 prins
705 2787 794 2848 enim
821 2795 889 2848 erat
902 2788 1010 2849 solum
1025 2787 1204 2868 possibile;

124 2886 277 2965 possibile
289 2896 397 2949 autem
410 2886 615 2949 existentiam
628 2904 695 2949 non
711 2886 818 2948 habet.
833 2884 895 2948 Sed
911 2886 1073 2966 quidquid
1085 2887 1205 2967 accipit
1222 2943 1230 2953 .

122 2984 206 3062 quorl
222 2985 315 3064 prius
344 3001 410 3048 non
441 2984 592 3058 habebat,
609 2984 775 3064 abaliquo
805 2984 870 3047 alio
896 2991 970 3045 ente
1002 2984 1032 3044 id
1064 2985 1205 3065 accipiat

123 3098 250 3145 necesse
272 3093 330 3145 est.
348 3083 419 3145 Non
436 3082 525 3143 enirn
549 3081 631 3143 illud
657 3080 806 3161 accipere
824 3087 931 3160 potest
951 3099 969 3141 a
991 3080 1112 3160 seipso,
1127 3099 1209 3145 nam·

123 3179 202 3241 illud
218 3198 284 3244 non
300 3180 439 3242 babebat
455 3197 463 3243 :
478 3198 574 3243 nona
592 3180 717 3256 nibilo;
734 3178 811 3260 quia
838 3179 981 3241 nibilum
997 3179 1082 3240 nibil
1108 3181 1204 3244 babet

123 3286 151 3337 et
164 3278 249 3339 nibil
270 3280 347 3342 dare
377 3288 492 3358 potest,
506 3289 602 3358 atque
631 3278 713 3340 adeo
733 3277 903 3357 acquirere
918 3277 1045 3358 aliquid
1062 3276 1204 3343 anibilu

42 3367 43 3370 ’
124 3374 205 3436 idem
216 3385 266 3447 est
277 3394 313 3438 ac
326 3377 409 3439 illud
425 3395 490 3440 non
503 3374 779 3457 acquirerellrgo
795 3376 958 3457 quidquid
975 3376 1202 3439 existereinci·

125 3458 226 3550 pit,ab
237 3474 432 3559 aliquoente
443 3474 775 3553 accipitexistentiam
791 3490 888 3552 quam
898 3473 1051 3553 acquirit.
1069 3473 1132 3535 Sed
1143 3492 1201 3537 ens

42 3555 43 3608 3
123 3586 213 3650 aquo
228 3571 367 3634 alterum
384 3571 588 3634 existentiam
603 3572 670 3632 aeci
676 3570 735 3650 pit,
748 3578 801 3632 est
820 3588 917 3632 causa
937 3569 1092 3634 efficiens.
1103 3570 1200 3652 Ergo.
1215 3653 1219 3662 Ρ

42 3681 43 3688 ’
159 3670 191 3732 2⁰
206 3670 299 3743 Quod
312 3671 449 3731 existere
475 3669 603 3750 incipit,
620 3679 689 3731 erat
715 3679 888 3748 autequam
906 3669 1058 3731 existeret
1073 3689 1201 3733 merum

125 3767 332 3845 possibile,ac
347 3767 768 3848 proptereaindifferensad
777 3766 981 3828 existendum
992 3768 1039 3829 vel
1058 3769 1202 3831 nonexi·

124 3865 327 3941 standum,Si
344 3865 433 3927 enim
445 3865 605 3944 ejusmodi
624 3883 690 3929 non
706 3864 832 3942 fnisset,
847 3864 992 3945 prolecto
1006 3866 1054 3928 vel
1072 3886 1205 3949 semper

72 3997 77 4006 '
151 3996 180 4048 (t)
190 3994 218 4040 ln
227 3993 290 4039 Actia
300 3993 380 4040 accud'.
391 3992 490 4041 berolin.
501 3993 680 4041 MDCCLXXV.

1029 4070 1052 4108 l.
