2792 4600
494 264 580 309 arnan
603 261 738 320 ruarmo,
761 262 853 307 creor
876 262 915 307 ιν.
1189 243 1252 304 tot

157 400 228 445 cam
254 381 357 445 decore
385 387 543 455 ceturam,
574 378 627 459 qni
655 377 873 459 neplipetttiem
899 396 981 460 teque
1008 373 1253 457 etqaeoffectc-

161 479 272 543 tionem
287 479 406 541 devitet.
553 549 559 565 ἱ

200 579 273 643 toa.
297 577 447 640 Sublime
466 582 575 637 autem
599 584 647 636 est
672 574 763 654 quasi
787 574 903 636 umbra
924 574 1074 655 quaedam
1101 593 1137 636 ac
1158 574 1252 637 vesti·

162 680 252 761 gium
264 676 385 740 infiniti
401 698 412 750 ;
426 673 591 756 quidquid
604 672 693 735 enim
709 672 775 735 sive
788 674 1014 736 extensionem
1031 676 1252 739 immensura-

162 779 262 844 bilem
281 775 481 859 praesefert,
499 776 565 836 sive
581 774 648 835 vim
664 773 715 835 cui
730 774 941 853 assequendae
954 775 1084 838 animus
1096 796 1129 839 se
1147 777 1254 856 impa-

163 895 232 939 rem
247 876 376 951 sentiat,
392 874 454 937 boc
469 872 611 935 sublime
625 872 779 934 dicimus.
802 872 943 935 Proinde
962 874 1092 936 definiri
1110 876 1256 938 sublime

163 985 269 1056 potest
287 992 299 1038 :t
316 973 397 1055 puori
417 972 564 1035 intuentis
580 971 758 1050 facultatem
772 972 860 1051 lonpe
874 974 1014 1034 excedere
1037 975 1255 1054 conspicitur:

163 1093 220 1137 seu
237 1071 342 1135 oeulis
358 1071 502 1145 demum,
519 1089 576 1132 seu
594 1064 702 1131 mente
717 1069 953 1150 conspiciatur.

207 1170 317 1233 Differt
333 1168 473 1232 sublime
488 1185 506 1230 a
519 1167 671 1248 pulchre,
689 1168 826 1238 etipse,
842 1177 873 1228 et
889 1168 922 1229 in
940 1168 1120 1232 effectibus.
1142 1168 1256 1231 Differt

164 1269 198 1330 in
212 1287 257 1343 se,
277 1286 350 1329 nam
364 1265 644 1349 quamadmodum
668 1266 846 1346 pulchrum
867 1265 1019 1329 varietate
1039 1266 1258 1346 distinguitur

161 1376 193 1429 et
205 1366 420 1441 ornamentis,
437 1366 589 1428 ordinem
602 1364 701 1445 erigit
718 1377 748 1427 et
764 1367 998 1445 symmetriam,
1012 1368 1175 1447 iustisque
1197 1385 1257 1447 ap-

162 1465 243 1546 petit
270 1463 497 1528 circumscribi
519 1462 694 1540 limitibus,
719 1474 754 1526 ut
780 1479 893 1527 omnes
915 1482 990 1525 suas
1021 1476 1128 1545 partes
1157 1464 1258 1527 simul

162 1564 280 1626 offerre
306 1563 409 1643 possit
431 1562 585 1637 intuenti,
618 1561 688 1624 luce
715 1561 860 1642 denique
886 1570 918 1623 et
943 1563 1091 1625 claritate
1114 1547 1259 1625 maxime

163 1662 284 1740 micat3
306 1661 350 1725 ita
362 1660 505 1723 sublima
516 1660 557 1723 ab
570 1660 795 1751 uniformitate
804 1677 870 1723 non
884 1661 1050 1733 abhorret,
1065 1674 1259 1725 ornamenta

162 1759 300 1841 spernit,
323 1760 445 1845 limites
468 1758 676 1837 dedignatur,
702 1758 947 1839 simplicitatem
971 1759 1004 1821 in
1027 1761 1143 1840 primis
1159 1760 1260 1823 habet

163 1860 288 1923 sociam
300 1866 330 1922 et
345 1858 579 1933 austeritatem,
596 1875 655 1920 nec
669 1874 742 1920 raro
756 1859 1002 1938 negligentiam,
1016 1878 1053 1921 aa
1066 1859 1212 1922 tenebris
1225 1868 1259 1923 et

162 1956 362 2020 obscuritate
383 1955 580 2037 grandescit.
605 1954 641 2017 ln
668 1955 780 2018 animo
801 1974 877 2019 vero
906 1959 1159 2038 contemplantis
1187 1975 1257 2020 non

161 2056 392 2119 suavemillam
408 2073 445 2117 ac
461 2061 672 2133 temperatam
681 2053 931 2118 delectationem
944 2057 1020 2132 ciet,
1032 2075 1104 2136 quae
1123 2055 1256 2137 pulchri

163 2153 386 2233 cognitionem
415 2145 611 2224 comitatur,
633 2150 689 2212 sed
722 2150 985 2229 admirationem,
1013 2154 1260 2217 venerationem

163 2254 233 2317 imo
258 2262 288 2316 et
316 2262 500 2328 terrorem;
532 2266 722 2331 quanquam
742 2261 774 2312 et
797 2251 852 2312 bic
872 2261 991 2327 terror,
1014 2252 1117 2333 etqui
1135 2251 1261 2316 deinde

162 2352 388 2434 subsequitur,
410 2350 511 2413 animi
534 2368 568 2410 se
589 2367 687 2430 supra
708 2368 741 2411 se
758 2350 904 2413 tollentis
919 2364 1013 2413 aestus
1030 2361 1126 2431 atque
1151 2353 1257 2433 irnpe-

163 2465 216 2514 tus
228 2452 438 2515 vehementer
454 2448 607 2513 oblectet.

421 3035 561 3083 Ellpllel'l*
580 3035 779 3084 uultufllstctl
809 3039 987 3089 cantantis·
