2792 4600
444 363 538 416 ‚trena
560 364 681 422 nutum,
707 363 798 410 carus
821 367 854 411 n.
1131 350 1192 413 etr

141 471 226 538 dudi
243 490 333 536 nunc
346 476 609 556 peripateticum.
623 477 726 558 Aqua,
742 480 881 559 inquiet,
898 480 1078 543 substantia
1091 493 1138 545 est
1153 502 1192 546 ex
1221 535 1224 542 ,
1279 513 1290 522 ¹

102 575 236 662 materia
255 576 530 656 prima-constans
546 586 577 640 et
598 576 701 641 torma
718 575 833 659 aquea.
853 580 1036 643 Potassium
1052 600 1129 646 vero
1146 591 1194 645 est

102 690 210 753 agens,
225 674 314 755 quod
328 675 430 737 activa
443 695 501 741 sua
513 676 631 739 virtute
644 678 828 759 corrumpit
840 697 970 760 aquam,
985 690 1016 743 ct
1039 701 1076 744 er
1089 691 1191 744 mate·
1217 715 1222 724 ·

103 771 160 833 riae
178 791 243 853 qua
258 772 317 840 illa
332 782 457 837 constat
474 776 631 855 potentia,
661 775 855 856 hydrogenii
874 777 1012 840 termam
1035 780 1189 855 educens,

10 877 12 884 ‘
101 869 341 950 hydrogenium
354 880 498 951 generat.
522 870 558 933 ln
577 873 637 935 hae
648 891 725 936 vero
738 874 865 937 actione
880 876 1058 955 potassium
1071 876 1192 958 repati-

100 977 165 1040 ων,
181 979 278 1049 atque
291 969 399 1051 ipsum
417 988 549 1050 quoque
563 972 789 1052 corrumpitur
800 973 928 1036 actione
943 991 1046 1054 aquae,
1061 976 1191 1039 eadem·

101 1083 166 1146 que
190 1069 319 1130 actione
345 1080 518 1148 generatur
541 1070 641 1133 altera
664 1071 856 1146 substantia,
881 1082 1034 1135 constans
1056 1071 1191 1134 materia

102 1164 207 1244 prima
231 1175 262 1227 et
277 1167 382 1230 iot-ma
400 1178 546 1249 potassae.

139 1265 235 1327 llissa
249 1264 364 1328 laoiam
381 1268 508 1348 reliqna
523 1286 530 1331 :
548 1276 580 1331 at
596 1260 742 1349 proiecto
764 1260 851 1332 binae
864 1270 933 1333 istae
954 1269 1189 1351 explicationes

99 1364 280 1427 consistere
303 1367 399 1430 simul
423 1386 489 1430 non
518 1377 665 1448 possunt,
685 1368 741 1431 sed
758 1370 858 1431 altera
882 1369 1016 1431 alteram
1037 1367 1188 1430 destruit.

100 1462 383 1536 Quemadmodum
398 1466 498 1546 igitur
512 1466 653 1529 chimiea
664 1467 791 1529 theoria
805 1463 967 1530 theoriam
977 1467 1090 1529 evertit
1102 1466 1191 1547 peri·

99 1560 283 1639 pateticam,
316 1564 359 1626 ita
389 1563 599 1645 peripatetica
629 1564 744 1627 evertit
774 1564 962 1627 chimicam.
998 1564 1115 1628 Actum
1141 1573 1191 1627 est

97 1657 398 1737 igiturdechimica
409 1662 557 1738 scientia,
571 1663 597 1725 si
612 1664 857 1744 peripateticam
865 1664 1028 1726 theoriam
1040 1663 1187 1744 recipere

99 1774 268 1837 cogamur,
390 1763 394 1771 '

140 1855 195 1919 39.
220 1858 316 1921 Prob.
335 1857 390 1924 lll.
418 1858 532 1940 Siqua
560 1858 752 1939 hypothesis
767 1877 804 1922 ea
830 1858 924 1934 iacta,
951 1878 1023 1940 quae
1050 1856 1191 1919 maxime

99 1955 267 2036 explicare
290 1957 435 2034 deberet,
453 1975 520 2021 uon
540 1958 690 2039 explicat,
709 1957 827 2021 meritc
844 1957 1037 2038 seponitur3
1056 1972 1193 2037 praeser·
1253 2021 1256 2026 ,

10 2113 14 2130 ,
99 2055 161 2116 tim
180 2056 206 2117 si
229 2055 339 2138 aliqua
354 2056 417 2118 alia
446 2057 636 2138 hypothesis
653 2066 781 2138 reperta
807 2058 861 2133 sit,
880 2076 952 2139 quae
980 2056 1061 2119 lacta
1077 2054 1191 2119 eadem

98 2155 278 2217 commode
294 2156 444 2237 explicet.

141 2250 243 2332 Atqui
260 2254 399 2317 atomica
415 2253 555 2329 theoria,
574 2254 661 2335 quod
680 2270 778 2335 nemo
800 2272 918 2336 negare
935 2260 1052 2335 potest,
1071 2250 1187 2327 solide,

100 2350 263 2426 dilucide,
276 2353 478 2429 harmonice,
498 2353 635 2435 pulchre
647 2354 770 2429 omnia,
788 2372 861 2434 quae
872 2354 911 2415 ad
925 2371 1102 2433 corporum
1114 2369 1193 2416 con-

100 2449 309 2512 stitutionem
332 2450 485 2538 legesque
512 2451 688 2532 pertinent,
710 2451 851 2532 explieat
878 2461 909 2515 et
925 2452 1090 2527 illustrat;
1113 2466 1190 2531 pro-

100 2547 273 2628 portiones
296 2548 539 2626 determinatas,
572 2550 674 2629 legem
707 2550 948 2631 multiplorum,
979 2548 1192 2612 mineralium
1233 2624 1242 2637 ἱ

99 2645 262 2726 origines,
278 2647 593 2728 corporumliguras‚
608 2648 865 2731 substantiarum
875 2647 1043 2710 mirabiles
1056 2661 1194 2708 eonver-

97 2745 226 2820 sioues,
241 2746 308 2808 sive
323 2746 361 2808 ad
379 2746 507 2810 brutam
525 2748 693 2811 materiam
707 2745 902 2827 pertineant,
916 2745 982 2808 sive
997 2745 1036 2806 ad
1049 2741 1192 2823 vegetato

98 2836 202 2925 utque
212 2845 355 2907 animale
367 2864 504 2926 reguum
518 2864 527 2920 ;
541 2846 799 2927 simplicissimis
812 2862 941 2925 semper
956 2862 994 2906 ae
1009 2841 1192 2924 perspicuis

87 2941 200 3005 ,uten's
218 2943 403 3024 principiis,
417 2961 520 3026 eoque
533 2945 672 3006 maxime
688 2961 695 3008 :
713 2945 816 3007 minor
827 2945 873 3007 cis
884 2943 998 3025 maiori
1008 2942 1192 3024 cissuperu·

98 3051 165 3105 tur.
186 3041 303 3106 Omnia
315 3044 511 3125 contingunt
523 3044 557 3105 iu
575 3060 683 3106 rerum
697 3051 824 3117 natura,
842 3052 877 3105 ut
888 3042 1078 3122 contingere
1093 3040 1192 3104 debe·

99 3150 178 3204 rent
190 3141 308 3222 positis
319 3142 473 3206 chimicis
484 3142 635 3205 theoriis.
645 3140 690 3203 Er
705 3141 794 3203 hisee
807 3140 944 3204 theoriis
957 3141 1032 3203 novi
1048 3128 1193 3203 subinde

100 3232 309 3321 processusa
325 3241 428 3322 priori
452 3240 673 3316 deducuntur,
691 3241 813 3321 quibus
830 3239 946 3302 intenti
973 3239 1106 3303 effectus
1121 3236 1192 3302 leli·

10 3352 13 3375 ·
98 3338 186 3400 citer
194 3338 397 3413 obtinentur,
405 3347 502 3420 atque
516 3339 639 3401 intimae
656 3349 779 3401 naturae
793 3337 923 3399 latebrae
937 3336 1189 3417 perlustrantur.

99 3436 183 3500 Sine
207 3436 426 3499 hacscientia
448 3436 593 3516 denique
618 3452 734 3498 omnes
759 3434 902 3515 physicae
923 3444 1031 3515 partes
1061 3432 1189 3515 aliquid
1280 3424 1286 3437 '

47 3540 50 3546 “
98 3535 305 3610 desiderant,
322 3543 420 3615 atque
432 3534 465 3595 in
483 3534 635 3616 pluribus
649 3542 774 3595 nutant.

144 3631 362 3714 Peripatetico
388 3634 496 3695 autem
519 3632 658 3708 theoria,
677 3631 789 3695 neseio
804 3646 953 3713 quanam
977 3630 1193 3710 phaenomena
1274 3670 1279 3681 =

99 3731 257 3812 explicet,
275 3740 329 3794 aut
344 3750 425 3812 quas
441 3742 564 3794 naturae
576 3730 660 3811 leges
678 3731 831 3795 illustret.
848 3731 941 3795 Certe
954 3746 991 3792 ea
1003 3727 1096 3792 nullo
1109 3727 1193 3793 laeto

98 3829 273 3903 suadetur,
289 3847 430 3910 cumque
442 3828 533 3891 nulla
549 3829 688 3891 naturali
703 3829 838 3891 scientia
855 3827 959 3890 loedus
971 3825 1057 3890 inire
1073 3827 1193 3908 potuit.

143 3926 201 3991 to.
233 3926 339 3992 Unum
367 3927 432 4009 jam
460 3946 559 4008 supra
586 3926 816 4008 explicationis
845 3925 1066 4008 peripateticae
1098 3924 1193 3988 attuli

101 4027 307 4108 exemplum.
326 4025 433 4091 Placet
449 4027 564 4091 afferre
578 4026 717 4090 alterum
735 4042 744 4091 ι
762 4026 890 4106 eritque
907 4025 1027 4088 iactum
1042 4024 1193 4089 omnium
