2792 4600
618 410 720 455 runsx.
739 371 743 376 ⁵
1148 389 1211 453 437

199 518 228 573 in
242 521 372 590 potentie.
386 519 417 575 ln
430 536 483 590 oue
494 522 547 578 sits
561 523 598 578 sit
611 528 730 579 essentia
744 523 914 581 extensionis
928 523 1061 580 continui.
1070 522 1136 579 l‘le-

198 592 260 649 nior
273 594 395 649 continui
409 596 543 653 delinitio.
561 597 704 652 lndolmitn
715 598 838 653 continui
852 598 1029 655 divisibilitas
1041 597 1135 653 reddi·

198 676 244 721 tur
261 668 445 739 intelligibilis
512 667 515 672 “
523 712 1132 728 ........
1155 666 1210 723 276

123 743 192 796 bur.
208 740 252 795 lV.
276 746 451 808 brfficrcltctes.
467 745 550 799 Linea
565 745 668 814 ubique
688 746 771 801 babet
790 745 963 815 puncto-imo
976 745 1098 818 gignitur
1120 761 1136 800 n

198 829 313 884 corpore
321 815 468 887 spbaerieo,
483 818 549 874 dum
562 819 590 872 in
605 820 687 887 plano
701 830 826 876 movetur
839 819 996 875 successivo
1010 819 1136 876 diverso-

198 903 261 943 rum
275 898 439 959 punctorum
461 901 534 947 tactu
551 908 558 945 ι
574 900 682 947 constat
704 908 770 964 ergo
784 908 818 949 cx
832 893 952 963 punctis.
967 892 1136 949 Contionum

196 961 236 1017 ita
249 978 280 1018 se
293 963 376 1019 babet
388 963 423 1018 ad
440 964 621 1031 indivisibile,
637 976 666 1020 nt
680 966 771 1022 unitas
785 967 817 1022 nd
833 982 989 1021 nnmerum.
1007 966 1036 1022 Si
1049 966 1137 1021 conti-

198 1051 285 1091 nuum
308 1045 383 1092 esset
404 1037 547 1095 indefinite
565 1039 716 1108 divisibile,
731 1040 801 1096 foret
821 1039 969 1095 multitudo
983 1039 1137 1094 multitudi-

199 1126 276 1172 num,
292 1112 359 1180 qoin
383 1127 503 1183 unquam
518 1113 550 1166 ad
565 1114 698 1168 uilitatem
713 1114 835 1170 deveniri
861 1122 1020 1185 posset-uec
1044 1121 1137 1183 posset

133 1190 136 1195 “
198 1193 285 1237 totum
299 1185 433 1255 percurri.
447 1187 559 1256 Singula
574 1187 718 1242 diluuntur
782 1228 1135 1244 .....
1157 1182 1217 1238 282
1251 1246 1253 1250 ,

123 1256 191 1310 Anr.
206 1257 239 1311 V.
254 1261 291 1311 De
303 1262 418 1313 conticui
427 1264 546 1326 portibus
559 1269 584 1314 et
597 1265 723 1315 terminis.
738 1261 821 1317 Pnoe.
835 1261 869 1317 ll.
884 1267 941 1316 Dc'ci
954 1265 1040 1328 necuit
1054 1263 1138 1315 eonti-

198 1347 277 1384 nccm
289 1341 405 1388 constare
414 1337 534 1400 partibus
544 1342 603 1389 cctn
616 1338 825 1398 distinctionem
838 1352 887 1390 non
910 1338 998 1390 diuisis
1005 1353 1015 1399 ,·
1029 1339 1080 1389 sice
1100 1340 1139 1388 be

195 1413 284 1470 partes
299 1423 403 1462 numero
422 1413 531 1474 infinite
546 1418 686 1474 ponuntur,
701 1413 754 1463 sice
766 1415 856 1474 finite.
882 1409 910 1464 ln
934 1419 1050 1479 utraque
1064 1408 1139 1464 enim

198 1480 344 1551 hypothesi
356 1482 434 1552 plura
446 1498 532 1553 eaque
544 1482 636 1554 gravis
651 1482 788 1538 habentur
801 1482 930 1539 absurde.
943 1482 1039 1537 Partes
1047 1492 1138 1537 actua·

198 1554 251 1618 les,
267 1553 331 1610 licet
344 1570 399 1610 non
413 1555 521 1622 divisse,
533 1555 691 1611 necessario
705 1566 770 1612 sunt
783 1565 830 1611 aut
843 1557 937 1620 bnitae,
953 1566 1000 1611 sut
1010 1555 1136 1610 infinite.

199 1625 380 1684 Difficultetes
390 1639 492 1684 nostrae
510 1631 655 1685 sententiae
671 1646 677 1685 :
693 1645 755 1700 quoe
766 1640 827 1686 netu
841 1646 896 1685 uon
916 1629 1137 1702 distinguuntur,

200 1716 341 1771 nunquam
362 1701 497 1777 distingui
518 1712 579 1758 cetu
600 1714 726 1774 possunt.
754 1705 850 1761 Partes
863 1702 987 1760 continui
1001 1718 1075 1772 ssepe
1089 1702 1138 1757 bn·

199 1776 266 1831 bent
290 1776 484 1832 attributioues
506 1776 658 1848 oppositos.
681 1778 711 1833 si
734 1777 834 1849 aliquae
854 1788 946 1848 partes
966 1777 994 1832 in
1007 1775 1139 1832 continuo

199 1858 262 1903 cetu
292 1848 511 1922 distinguuntur,
544 1865 642 1907 omncs
674 1852 711 1905 ite
742 1851 876 1923 distingui
906 1850 1031 1906 dicendae
1062 1859 1138 1905 sunt.

200 1923 283 1977 Pnoe.
299 1922 346 1977 lll.
359 1928 390 1977 ln
400 1927 519 1977 continuo
528 1929 577 1989 per'
587 1933 711 1989 reportes
720 1942 773 1978 non
782 1928 977 1991 cmttnpccnmr
986 1926 1038 1977 nisi
1046 1930 1139 1988 poten·

199 1999 257 2050 tie:
271 2003 330 2051 ectu
345 2013 404 2051 cero
416 2001 540 2062 distingui
550 2007 657 2062 possunt
668 2003 821 2052 solummodo
833 2015 866 2052 ec
879 2003 963 2052 cnissis
976 2000 1138 2062 extrinsecis,

200 2085 299 2139 nempe
312 2069 355 2125 vel
368 2086 418 2142 per
431 2071 596 2127 divisionem
622 2073 719 2128 saltem
746 2073 928 2145 designatam,
944 2072 987 2127 vel
1009 2086 1043 2126 eo
1065 2069 1140 2142 quod

201 2145 396 2213 superadditur
420 2144 552 2201 continuo
575 2146 667 2217 aliqua
690 2145 864 2201 affectionum
893 2146 1051 2211 diversitas,
1078 2158 1141 2215 qnae

201 2219 303 2273 nonsit
318 2219 345 2272 in
359 2218 497 2274 inlinitum
511 2218 670 2275 divisibilis.
687 2219 901 2290 Objectissupre
917 2219 1014 2288 positis
1029 2217 1138 2273 satistit.

202 2289 338 2361 Objioitur
356 2292 447 2349 adbuc
462 2313 467 2345 ε
485 2292 572 2349 Causa
585 2294 739 2350 extrinsece
765 2294 861 2365 nequit
877 2303 990 2367 tongere
1007 2292 1045 2357 id,
1067 2290 1140 2362 quod

201 2377 264 2420 netu
278 2381 333 2422 non
347 2377 398 2423 est.
411 2363 571 2424 Absurdnn't
581 2377 624 2423 est
638 2380 743 2437 portem
757 2376 883 2424 contactu
895 2366 1021 2438 produci.
1037 2372 1066 2420 lu
1080 2381 1141 2421 cor·
1229 2392 1232 2397 ·

201 2454 269 2508 porc
281 2441 411 2495 continuo
425 2441 498 2495 idem
512 2452 588 2497 esset
606 2450 702 2497 vertex
714 2457 746 2496 ec
759 2442 846 2507 basis,
859 2441 1022 2511 superficies
1035 2448 1063 2495 et
1075 2454 1142 2494 ceu-

202 2522 287 2567 trum.
315 2514 344 2570 Si
365 2514 526 2570 continuum
547 2531 581 2568 ex
600 2530 631 2570 se
651 2525 744 2584 partes
769 2531 824 2569 non
848 2515 942 2582 habet,
965 2514 1020 2569 dici
1046 2511 1143 2582 nequit

203 2599 360 2642 extensum.
381 2588 545 2643 subduntur
559 2589 770 2659 responsiones.
786 2589 908 2644 Termini
932 2586 1055 2642 continui
1077 2594 1143 2641 sunt

204 2670 348 2729 punctum,
357 2661 775 2731 linea,superficies-sumerton
783 2661 993 2717 mentem-linea
1004 2670 1030 2715 ct
1045 2674 1142 2729 super·

202 2732 280 2789 licies
293 2743 359 2789 snnt
371 2734 561 2791 dimensiones
573 2735 672 2791 reales.
689 2736 883 2802 indivisibilis,
895 2733 1050 2819 ugtermini
1065 2741 1141 2799 sunt,

202 2807 272 2861 nibil
287 2817 352 2863 sunt
371 2808 492 2878 positivi.
507 2808 592 2865 Linea
605 2818 634 2864 et
652 2809 814 2881 superficies
828 2817 894 2865 sunt
906 2808 1106 2872 dimensiones,
1126 2821 1142 2860 a

201 2881 341 2936 soliditate
353 2897 407 2937 uon
421 2882 630 2954 distinguuntur
698 2920 1140 2939 ......
1161 2877 1218 2934 285

126 2954 195 3008 Ans.
210 2954 254 3010 vt.
270 2959 307 3008 De
316 2960 341 3008 ci
350 2960 485 3010 resistendi
498 2966 522 3010 et
532 2960 784 3020 impones-actinosa.
793 2955 874 3011 Notio
887 2956 929 3011 vis
943 2952 1101 3020 resistendi,
1115 2961 1143 3008 et
1255 2955 1257 2959 '

60 3045 64 3051 ·
201 3027 530 3098 impenetrabilitatis.dn
544 3030 888 3100 impenetrabilitassolius
900 3028 1069 3099 corporissit.
1079 3042 1143 3096 pro·
1232 3030 1236 3035 ’

201 3103 272 3172 prin.
285 3101 356 3169 Quid
371 3103 408 3158 sit
421 3103 639 3173 penetrabilitns.
653 3103 904 3173 lmpenetrabilitns
917 3100 1142 3174 aptitudinsliset

201 3176 327 3231 actualis.
343 3176 591 3246 lmpenetrnbilitas
605 3193 639 3231 ex
654 3178 698 3232 sui
713 3187 810 3232 tratura
823 3186 866 3231 est·
879 3188 988 3241 mutum
1014 3182 1141 3245 penetra·

202 3248 294 3304 bilitas
308 3259 473 3320 potestesse
486 3265 541 3305 non
555 3260 660 3306 mutua.
681 3250 929 3320 impenetrabilitns
950 3249 1039 3319 primo
1052 3255 1080 3303 et
1092 3262 1143 3318 per

202 3337 234 3378 se
247 3331 290 3378 est
302 3331 454 3378 atomorum
466 3323 623 3394 proprio-sc
636 3324 763 3393 proinde,
773 3332 909 3394 qnatenus
920 3332 963 3378 est
976 3322 1004 3377 in
1018 3322 1064 3387 iis,
1079 3336 1143 3376 cou-

201 3396 345 3453 deusest.
361 3396 443 3451 Pnor.
452 3396 495 3452 tv.
509 3401 624 3451 Actcclis
637 3400 865 3462 impenetrabiliter
875 3399 953 3451 etiam
967 3399 1049 3463 ccocd
1061 3399 1142 3449 iocum

200 3474 350 3535 eremmon
363 3474 498 3525 naturalis.
514 3471 650 3526 Probatur
663 3471 833 3541 experientis
874 3512 881 3526 .
959 3510 966 3524 .
1046 3511 1051 3523 .
1131 3467 1214 3524 ,291

108 3543 262 3600 botulli.
276 3548 314 3597 ite
333 3560 465 3609 mmornm
488 3548 629 3600 ceticitcte.
656 3545 824 3617 Primigenia
846 3556 993 3614 corporum
1016 3541 1142 3598 activitas

203 3618 256 3674 sub
275 3617 364 3673 tribus
378 3616 475 3673 formis
486 3618 618 3673 exeritur.
632 3619 714 3673 Pnor.
726 3619 758 3673 V.
776 3623 856 3673 Unrrm
869 3634 958 3683 comm
971 3621 1080 3671 alterum
1092 3619 1143 3669 im·

198 3697 296 3758 pellere
317 3696 415 3757 necuit,
430 3695 482 3746 nisi
504 3695 587 3757 ipsum
606 3708 702 3758 quoqne
727 3696 758 3745 nb
775 3696 856 3745 altero
875 3695 910 3745 sit
935 3694 1077 3757 impulsum.
1094 3689 1144 3745 Est

200 3766 277 3821 enim
292 3780 341 3835 per
354 3781 385 3820 se
398 3764 485 3820 iners.
500 3766 548 3822 Vis
559 3766 700 3835 repulsiua
713 3782 729 3819 s
742 3766 768 3820 ri
783 3764 932 3821 resistendi
950 3764 1035 3819 distin
1055 3764 1142 3829 uitur.

202 3840 242 3894 De
255 3837 409 3909 pressione.
423 3839 546 3894 Primum
562 3855 676 3894 movens
690 3850 798 3894 nonest
811 3780 1143 3909 corpus-satisntffuabus

200 3912 415 3983 objectionibus·
431 3913 514 3969 Puer.
529 3912 575 3967 Vl.
597 3916 672 3967 Nulla
695 3920 832 3966 emercetur
851 3916 918 3966 actio
937 3915 1013 3965 unius
1032 3914 1143 3976 eorporis

200 3992 230 4041 in
243 3991 352 4041 alterum
365 3990 421 4039 sine
435 3990 564 4041 receticne
576 3990 668 4052 ccccli
681 3995 706 4039 et
720 3990 858 4040 contrario.
877 3986 904 4040 ld
920 3984 993 4040 enim
1008 3984 1061 4039 lert
1073 3983 1144 4039 resi·

201 4061 305 4117 stentie
318 4075 401 4130 quam
419 4074 505 4115 unum
518 4075 620 4130 corpus
633 4059 713 4136 alteri
735 4069 881 4130 penetrare
893 4059 1003 4115 conanti
1017 4056 1144 4130 opponit.
