2792 4600
187 300 227 365 20
655 315 829 361 euronotus.

230 445 262 506 t⁰
283 443 392 505 Prima
407 443 524 506 veritus
539 451 625 506 certa
643 444 712 506 baec
728 462 798 506 esse
813 443 941 505 videtur
958 461 966 506 ε
983 463 1035 524 epo
1048 461 1129 506 sum.

226 545 259 607 2⁰
280 542 447 605 Iudicium
463 542 649 622 negativum
673 553 721 605 est
744 543 906 624 posterius
928 542 1133 619 affirmativo,
1150 552 1181 605 et
1205 561 1276 605 mo·

186 641 260 704 dole
274 641 438 721 posterius
452 640 609 722 simplici.
626 641 690 706 Sed
711 641 914 723 principium
940 643 1003 705 hoc
1029 642 1212 721 negativum
1228 648 1277 703 est

185 749 216 803 et
233 739 374 804 modale.
389 738 474 821 Ergo
490 741 653 821 posterius
679 749 727 803 est
749 739 862 821 aliquo
885 740 1012 821 iudicio
1036 732 1227 803 affirmativo
1243 749 1275 802 et

187 836 348 916 simplici.

228 936 262 997 5⁰
282 936 365 999 Ante
380 952 513 999 omnem
529 946 650 998 certam
666 935 918 999 affirmationem
935 934 1077 1017 supponi
1094 934 1190 1001 debet
1208 936 1276 1015 evi·
1393 955 1395 959 ·

187 1034 306 1097 dentice
323 1034 523 1116 principium
545 1053 553 1098 τ
568 1036 649 1117 quod
663 1046 705 1099 est
718 1037 852 1111 euidens,
868 1055 974 1098 oerum
988 1044 1043 1100 ert.

78 1223 81 1229 1
229 1133 327 1212 Resp.
344 1133 422 1214 Nep.
438 1141 506 1197 ont.
522 1132 571 1195 Ad
588 1137 627 1198 1¹¹
641 1133 736 1215 Nepo.
751 1134 830 1197 Nam
851 1153 1039 1218 quanquam
1064 1134 1186 1198 iactum
1208 1134 1275 1229 pri·
1392 1202 1394 1208 4

188 1249 292 1304 mum,
310 1239 346 1293 ut
365 1230 485 1293 iactum
512 1240 571 1306 est,
588 1232 724 1313 ejusque
743 1232 943 1314 experientis
968 1251 1062 1296 suum
1088 1230 1275 1297 firmitatem

190 1330 330 1392 habeant
358 1329 399 1391 ab
426 1327 517 1392 omni
553 1329 719 1410 principio
748 1331 1045 1411 independentem‚
1075 1348 1275 1413 omnemque

186 1427 437 1489 affirmationem
454 1426 651 1507 precedunt,
669 1427 890 1490 nihilominus
911 1428 1031 1491 iactum
1046 1428 1147 1505 idem,
1165 1429 1274 1510 prouti

186 1524 415 1609 propositione
436 1524 646 1606 exprimitur,
668 1543 760 1588 sunm
785 1526 978 1606 objectivam
1006 1526 1238 1590 certitudinem
1256 1545 1275 1590 e

187 1623 355 1704 principio
381 1624 654 1687 contradictionis
680 1625 802 1701 haurit,
829 1634 864 1690 ut
892 1625 972 1688 alibi
1001 1625 1198 1707 explicatum
1227 1636 1275 1690 est

115 1720 119 1725 “
187 1723 236 1803 tt.
252 1722 325 1796 tet,
342 1723 391 1801 ὅς
408 1721 480 1797 689,
497 1722 553 1801 2⁰).

228 1822 278 1886 Ad
295 1821 336 1883 2¹²
350 1821 431 1885 θέει.
448 1821 524 1902 maj.
541 1821 578 1883 ln
604 1822 722 1884 ordine
742 1822 1027 1902 apprehensionis,
1043 1841 1146 1899 conc.‚·
1170 1823 1274 1887 inor·

189 1919 267 1981 dine
283 1929 378 1982 certae
392 1919 631 1994 affirmationis,
646 1939 736 2001 nepo.
753 1918 804 1983 Tr‘.
818 1923 910 1995 min„
920 1931 951 1985 et
963 1921 1078 1985 eodem
1091 1921 1190 1985 modo
1201 1923 1272 1985 dist.

186 2037 271 2081 cons.
288 2017 398 2080 Prima
413 2018 587 2082 affirmatio
602 2036 638 2081 ee
649 2037 720 2081 esse
735 2018 843 2094 debet,
860 2020 931 2083 sine
946 2038 1010 2102 qua
1022 2020 1152 2084 nulium
1168 2039 1272 2084 enun-

187 2115 301 2178 tiabile
320 2125 445 2179 certum
471 2134 542 2178 csse
569 2125 683 2196 potest.
701 2116 799 2197 Atqui
826 2135 925 2181 omne
950 2118 1153 2183 enuntiabile
1174 2113 1273 2182 exeo

182 2225 309 2278 certum
324 2224 383 2291 est,
401 2215 490 2296 quod
507 2215 715 2296 impossibile
729 2216 771 2277 sit
784 2215 870 2279 idem
886 2235 956 2280 esse
971 2226 1002 2280 et
1017 2235 1082 2280 non
1097 2236 1178 2280 esse.
1188 2216 1273 2299 Ergo

185 2315 271 2377 hanc
286 2313 586 2395 impossibilitatem
610 2315 728 2394 ipsam,
746 2335 819 2397 quae
839 2317 930 2381 omni
951 2327 1047 2381 certae
1061 2318 1270 2382 affirmationi

186 2411 347 2492 implicite
372 2422 431 2487 est,
455 2413 562 2495 prima
591 2414 764 2477 affirmatio
790 2415 989 2479 constituere
1016 2416 1135 2479 diserte
1150 2415 1269 2478 debet.

183 2512 379 2574 Recoiantur
395 2530 467 2594 quse
483 2512 583 2576 modo
599 2512 756 2577 diximus.

223 2610 272 2672 Ad
284 2611 324 2674 5²²
342 2611 418 2674 Det.
436 2612 584 2693 Supponi
601 2612 698 2677 debet
710 2624 822 2675 mutua
835 2612 995 2676 habitudo
1008 2612 1094 2675 inter
1105 2611 1270 2692 objectum

183 2708 316 2772 evidens
327 2718 359 2772 et
371 2721 525 2786 mentem,
539 2720 574 2784 ut
586 2711 645 2774 iiio
658 2713 828 2792 proposito
842 2731 934 2775 mens
945 2713 1152 2775 essentiatur.
1165 2729 1268 2785 eonc.;

182 2809 323 2889 supponi
339 2809 436 2872 debet
449 2811 643 2891 propositio,
653 2812 856 2891 qdaedicitur
870 2812 1070 2894 principium
1084 2809 1268 2884 evidentim,

182 2923 270 2986 nepo.
289 2905 369 2969 Vide
385 2906 472 2970 dicte
487 2908 521 2971 in
538 2909 655 2989 Logica
667 2910 715 2987 (L.
733 2908 807 2986 689,
822 2909 877 2987 5⁰).

627 3071 756 3136 CAPUT
779 3072 820 3137 ll.

561 3216 595 3258 or
615 3216 747 3260 sessuris
766 3217 881 3261 surius.
980 3215 988 3230 ·

619 3358 785 3404 tnrtcotus
809 3361 829 3405 ι.

580 3470 664 3548 Quid
676 3472 716 3535 st't
731 3471 871 3534 essentia.

131 3653 135 3661 .
220 3598 273 3665 to.
296 3598 445 3663 Essentia
458 3609 506 3662 est
520 3601 553 3663 id
566 3620 625 3681 quo
640 3621 687 3663 ree
701 3613 745 3664 est
758 3603 791 3664 id
804 3604 886 3684 quod
897 3610 952 3667 est.
969 3602 1054 3666 Sane
1069 3606 1103 3664 in
1120 3603 1268 3683 qualibet

179 3716 215 3761 re
240 3707 317 3761 sunt
334 3697 484 3779 quaedem
510 3707 606 3773 notce,
630 3718 669 3761 ex
695 3701 817 3781 quibus
843 3701 913 3782 ipsa
939 3700 1048 3779 habet,
1065 3710 1100 3764 ut
1124 3703 1158 3765 in
1182 3703 1267 3766 hunc

179 3798 322 3876 speciem
348 3805 402 3858 aut
429 3796 462 3857 in
491 3794 580 3858 iliam
607 3798 792 3873 ordinetur,
815 3809 847 3862 et
867 3811 1083 3880 cognoscatur
1106 3799 1187 3881 quid
1204 3800 1264 3877 sit;

180 3893 301 3975 quibus
317 3894 464 3969 sublatis,
482 3895 529 3957 rei
550 3911 727 3977 conceptus
743 3907 891 3962 constare
906 3899 1049 3979 amptius
1064 3916 1131 3962 non
1147 3887 1264 3980 potest]

180 3990 333 4066 Quaedam
348 4011 425 4058 vero
437 3994 508 4058 alic
517 4004 696 4072 notaesunt‚
707 3997 828 4080 quibus
839 3998 1036 4079 cogitatione
1049 3998 1205 4080 precisis,
1215 3999 1266 4061 vel
