2792 4600
437 402 523 448 arnan
545 402 665 461 aarum,
688 401 781 448 maur
802 403 842 448 u.
1126 386 1186 452 307

20 545 21 602 3
103 518 291 603 persedere
314 518 431 597 pergit.
455 515 521 579 Neo
543 524 591 579 est
612 516 646 577 in
669 516 737 577 ulla
759 516 855 596 spatii
883 526 973 597 parte
995 518 1090 594 ratio,
1113 538 1187 600 qua

20 607 21 610 ¹
102 620 208 700 ipsum
234 616 274 679 ad
290 616 434 697 quietem
464 614 683 680 determinare
706 615 820 695 possit,
837 633 877 678 eo
903 617 992 695 quod
1018 616 1059 678 ad
1074 636 1189 682 omues

20 745 21 764 t
100 717 194 798 spatii
211 724 317 796 partes
329 732 449 796 eorpus
465 723 512 777 est
528 713 731 777 indifferens.
748 713 862 795 ltaque
877 715 950 778 loco
963 716 1084 796 jugiter
1096 719 1188 781 aedat

20 801 21 846 ³
101 831 230 878 neeesse
245 822 305 886 est,
323 812 429 876 donee
444 831 462 875 a
477 812 507 873 ri
531 811 639 892 aliqua
660 821 791 873 externa
807 829 866 892 per
880 811 1187 879 determinationem

20 901 21 946 ³
98 911 284 993 oppositam
300 909 335 972 ib
351 912 462 991 quiete
474 910 705 974 constituatur.
720 911 828 973 Potest
841 909 941 990 igitur
952 910 1106 991 explicari
1120 932 1187 977 mo·

99 1020 149 1073 tus
163 1009 236 1072 siue
252 1009 319 1071 ulla
331 1008 508 1071 adventitia
523 1008 681 1070 realitate.

137 1106 452 1180 tranquillitates
473 1124 546 1188 quar
569 1110 668 1187 posito
683 1107 813 1168 termino
835 1107 1103 1181 resultautflesse
1117 1117 1186 1170 tan·
1253 1179 1257 1187 ,

100 1205 270 1270 tummodo
286 1197 475 1269 substantia
490 1206 617 1282 modos,
636 1223 702 1269 non
716 1205 837 1271 formas
848 1205 952 1269 reales
963 1207 1050 1287 apud
1063 1215 1185 1269 veteres

100 1304 299 1369 inconfessa
315 1319 395 1369 erat.
417 1305 591 1392 Nisiquod
607 1306 701 1385 pauci
726 1305 862 1385 quidam
878 1323 896 1367 e
911 1304 1112 1369 tardioribus
1128 1324 1185 1387 pe·

99 1402 277 1492 ripatetiois
297 1402 445 1465 arbitrati
459 1413 546 1478 sunt,
561 1402 753 1483 hujusmodi
767 1401 883 1465 modos
894 1420 964 1466 esse
976 1402 1134 1485 quiddam
1147 1422 1186 1467 ex

98 1510 209 1581 natura
225 1504 309 1576 reia
324 1502 469 1581 subjecto
486 1501 691 1574 distinctum,
716 1500 886 1581 ipsiusque
900 1501 1037 1582 subjecti
1055 1502 1185 1566 indiffe-

98 1601 235 1664 rentiam
248 1601 392 1682 aliquam
401 1607 498 1681 atque
508 1600 854 1664 indeterminationem
864 1600 1025 1663 auferens.
1039 1600 1186 1673 Quorum
1300 1593 1302 1598 ’

96 1708 280 1763 aoouratam
306 1699 528 1780 subtilemque
554 1699 785 1762 refutationem
811 1699 922 1760 videre
951 1700 1073 1778 poteris
1098 1699 1185 1780 apud

100 1799 312 1862 Ptolemaeum
330 1801 365 1877 (r)
383 1807 415 1860 et
429 1798 613 1877 Tipbauum
631 1799 680 1875 (a).

135 1896 174 1961 Et
189 1897 231 1960 do
249 1898 368 1960 actuali
396 1893 530 1977 quidem
556 1911 735 1974 corporum
766 1894 905 1967 actione,
939 1894 980 1956 de
1007 1913 1070 1976 qua
1097 1914 1185 1959 nuuc

97 2013 201 2059 sermo
216 2006 268 2059 est
285 1996 379 2075 (ili),
397 2014 449 2058 res
470 1996 599 2060 vtdetur
613 1994 751 2058 omuino
769 1993 953 2057 manifesta.
970 1993 1064 2059 Aetio
1081 1995 1182 2071 enim,

98 2104 131 2157 ut
143 2095 222 2156 alibi
243 2095 425 2157 notavimus
436 2094 572 2171 (Odit),
587 2103 634 2156 est
646 2093 717 2174 ipse
728 2091 872 2169 effeetus,
886 2094 996 2173 prouti
1010 2093 1046 2155 lit
1058 2092 1182 2174 depen-

95 2190 243 2254 deutera
258 2209 362 2253 eausae
380 2191 555 2254 nativitate.
577 2192 651 2255 llaeo
673 2208 749 2252 vero
772 2189 1002 2270 dependentia,
1027 2193 1184 2272 quemad·

98 2290 226 2354 modum
250 2290 284 2352 in
303 2290 443 2372 ipsomet
459 2289 574 2354 effectu
595 2288 680 2351 nibil
695 2278 786 2352 aliud
804 2290 899 2371 ponit
917 2289 1006 2370 quod
1028 2289 1115 2352 reale
1130 2289 1184 2365 sit,

99 2398 210 2468 praeter
221 2389 328 2468 ipsius
344 2388 476 2451 effeetus
491 2389 684 2463 realitatem,
701 2389 744 2449 ita
759 2405 893 2468 quoque
909 2405 1014 2450 oausae
1029 2386 1184 2451 activitati

97 2485 174 2548 nibil
193 2486 388 2566 superaddit
407 2487 562 2562 ealbatis,
585 2486 674 2567 quod
695 2486 737 2547 ab
758 2485 872 2547 eadem
896 2484 1112 2547 nativitatera
1133 2484 1185 2547 di·
1221 2476 1224 2480 ’

93 2584 291 2666 stinguatur.
317 2586 423 2660 Quare
435 2585 598 2666 quidquid
619 2585 687 2647 baeu
708 2583 959 2659 denominatio;
976 2602 1071 2645 causo
1092 2602 1185 2665 operta

97 2682 177 2746 ultra
202 2684 401 2746 nativitatem
428 2685 594 2763 importat,
613 2684 675 2746 hoo
697 2694 802 2747 toturn
822 2681 908 2743 nihil
925 2691 973 2744 est
992 2681 1093 2756 aliud,
1119 2683 1183 2746 nisi

56 2786 60 2794 ’
97 2784 285 2846 oounotatio
297 2783 476 2849 extrinseca
488 2782 682 2847 remotionis
695 2782 1020 2864 impedimentorum,
1037 2789 1068 2843 et
1080 2782 1186 2862 appli-

92 2881 235 2944 tationis
253 2880 364 2944 idonei
377 2881 515 2961 subjecti
528 2880 577 2961 (0.
594 2880 681 2959 268).

136 2978 225 3041 Patet
256 2997 345 3059 ergo,
368 2980 539 3061 qualitates
568 2979 821 3060 affectionesque
848 2995 1025 3059 corporum
1046 2996 1119 3059 quae
1144 2979 1185 3043 ab

92 3077 326 3141 2esseutiatibus
351 3078 543 3140 eorumdem
562 3076 728 3139 attributis
750 3076 1009 3151 resultaut‚non
1025 3095 1095 3138 esse
1116 3094 1187 3139 rea·

98 3169 200 3239 lit'ates
216 3193 384 3257 corporea
398 3175 587 3239 substantia
595 3174 751 3255 adjectas,
768 3173 824 3242 sed
845 3171 960 3238 modos
975 3173 1185 3238 solummodo

93 3273 258 3354 quosdam
284 3292 318 3335 se
345 3272 500 3337 habendi.
528 3271 634 3345 Quare
662 3271 782 3335 merito
812 3271 968 3333 diountur
997 3270 1185 3334 substantiae

93 3371 177 3433 randi
191 3389 251 3434 seu
264 3372 514 3452 modificationes.

135 3469 209 3534 aad.
238 3471 419 3534 Paorosrrro
447 3470 515 3534 Vll.
547 3468 607 3532 Per
628 3471 689 3532 bur
707 3488 773 3551 quoe
798 3467 938 3530 diximus
962 3487 1027 3530 nort
1046 3467 1186 3548 ansatur

93 3570 251 3633 distinctio
265 3572 346 3633 tuter
359 3571 565 3633 substantiam
580 3569 701 3652 ejusque
714 3569 815 3630 modos
845 3569 1063 3649 totttirtqertter,
1093 3586 1186 3648 quant

92 3653 337 3732 diruatrealem
348 3669 527 3732 medalem.

136 3766 299 3840 Quoniam
315 3767 425 3848 aliqua
435 3767 799 3847 substantiaeoorporeae
815 3767 950 3846 ejusque
961 3765 1185 3845 essentialium

93 3866 330 3943 attributorum
355 3884 373 3928 a
402 3865 669 3947 contingentibus
700 3864 845 3944 ejusdem
886 3862 1185 3927 modificationibus

124 3996 156 4051 (1)
167 3994 268 4043 dissert.
276 3996 303 4043 V.
316 3995 385 4055 Phys.
397 3996 452 4042 litet.

124 4069 156 4125 12)
166 4070 200 4116 De
210 4070 340 4130 Hyporturi
349 4072 376 4118 C.
385 4069 429 4127 Xl,
437 4082 488 4129 seq.
