2792 4600
128 425 135 435 ,
203 358 264 426 306
650 370 842 417 cosuotoon.
948 399 952 406 .

199 482 301 575 potito
314 489 433 551 actione
449 484 625 568 (1111111).
635 486 691 549 lla
703 485 906 548 reducuntur
917 483 957 545 ad
971 483 1120 565 figuram,
1134 477 1174 547 ed
1186 483 1302 548 cohae-

201 588 305 652 sionis
321 588 481 650 diversam
497 585 670 661 rationem,
684 584 724 646 ad
737 593 856 648 statum
868 583 1125 649 combinationis
1137 585 1185 647 vel
1198 601 1301 667 sepa·

201 687 351 764 rationis,
367 686 407 748 ad
424 685 639 766 proprietates
654 683 825 764 speciales,
841 685 881 745 ed
903 693 1029 747 motum
1055 683 1104 746 vel
1134 682 1298 765 quietem.

242 788 273 865 o)
289 784 441 867 Figuram
456 784 497 847 ab
513 782 702 846 extensione
718 783 851 845 realiter
864 800 930 847 non
946 783 1079 845 differre
1094 784 1191 846 etiam
1208 791 1300 844 veta·

202 902 277 950 rum
293 885 454 960 sententia
469 882 543 946 luit.
559 881 670 946 Posita
685 882 775 944 enim
789 882 979 945 extensione
994 882 1195 964 quibusdam
1207 881 1300 944 limi·

203 984 292 1048 tibus
308 985 569 1064 circumscripta,
588 983 651 1044 boc
673 982 746 1063 ipso
773 980 908 1062 figuram
935 981 1045 1058 babes,
1070 1000 1130 1044 uec
1154 980 1194 1043 ad
1222 998 1299 1044 eam

204 1083 393 1148 variandam
418 1083 508 1146 aliud
534 1080 728 1163 requiritur,
745 1081 809 1144 nisi
834 1090 868 1143 ut
883 1091 991 1163 partes
1006 1092 1155 1144 extensas
1175 1096 1299 1159 augeas

108 1201 111 1206 ’
204 1183 254 1247 vel
271 1183 411 1257 minuas,
429 1191 484 1244 aut
496 1179 717 1243 diversimode
733 1180 902 1260 disponas.

245 1282 273 1361 b)
290 1270 329 1346 Ut
343 1298 463 1361 corpus
489 1278 636 1342 asolido
663 1277 697 1339 in
720 1278 897 1358 liquidum,
914 1287 969 1340 aut
994 1276 1135 1340 fluidum
1160 1292 1297 1339 aereum

205 1389 358 1455 transeat,
375 1390 406 1442 et
422 1376 578 1451 vicissim,
595 1375 681 1438 nibil
703 1376 796 1439 aliud
823 1374 1017 1460 requiritur,
1035 1376 1098 1438 nisi
1115 1392 1212 1438 cansa
1225 1373 1296 1437 elli·
1331 1428 1335 1434 .

205 1476 307 1551 ciens,
325 1494 398 1557 quae
413 1484 461 1539 est
476 1473 655 1537 celorinum
672 1472 833 1537 intensius
848 1473 898 1536 vel
913 1472 1096 1537 remissius.

245 1576 271 1653 c)
288 1572 574 1637 combinationem
590 1570 734 1633 duorum
758 1588 937 1652 corporum
957 1571 1043 1633 nihil
1059 1570 1098 1633 iis
1113 1569 1246 1647 addere,
1263 1578 1296 1632 et

190 1673 447 1754 'separationem
463 1671 549 1734 nibil
562 1669 689 1745 tollere,
705 1679 751 1732 est
767 1678 906 1751 utputo,
923 1687 982 1751 per
993 1688 1028 1732 se
1043 1669 1268 1732 manifestum.

245 1772 275 1850 dl
293 1770 511 1851 Proprietates
533 1788 613 1852 quas
629 1769 773 1831 diximus
789 1768 948 1850 speciales
971 1769 1065 1848 ll59l,
1080 1769 1166 1831 nihil
1182 1786 1294 1832 essen·

207 1868 339 1933 tialibus
352 1866 517 1931 attributis
529 1866 682 1946 adjicere,
698 1876 816 1947 praeter
831 1875 999 1947 respectus
1012 1867 1142 1948 aliquos
1157 1884 1294 1948 compo·

207 1966 338 2030 sitionis
353 1984 390 2029 ac
404 1968 486 2028 situs
508 1964 756 2044 particularum,
773 1973 804 2027 et
830 1984 868 2027 ex
893 1965 990 2027 dictis
1011 1963 1168 2045 (alonte)
1192 1964 1296 2027 deur·

208 2083 281 2127 cere
296 2073 399 2145 potes,
416 2070 447 2125 at
462 2079 480 2123 a
495 2060 641 2143 physicis
656 2061 787 2142 plenius
802 2061 964 2125 addiscas.

248 2165 273 2241 el
289 2158 386 2232 Quies
402 2160 438 2221 in
460 2159 534 2222 loco
556 2157 791 2237 (ubicatiouem
817 2167 939 2222 veteres
965 2159 1182 2241 appellabant)
1210 2158 1297 2223 nihil

208 2260 299 2324 aliud
316 2277 374 2341 per
385 2277 419 2322 se
434 2268 610 2339 estsquam
625 2259 740 2340 relatio
757 2259 906 2340 corporis
921 2259 1112 2323 extrinseca.
1128 2259 1169 2320 At
1181 2258 1299 2322 diffici·
1386 2300 1387 2311 ,

210 2360 274 2423 lior
289 2369 337 2422 est
357 2370 467 2422 motus
489 2375 672 2440 eorumque
698 2360 1004 2439 phaenomenorum,
1021 2377 1094 2439 quae
1114 2361 1298 2422 admotum

209 2456 620 2538 reducunturmxplicatio,
635 2457 760 2537 Corpus
772 2457 873 2533 enim,
883 2475 986 2537 quum
998 2457 1037 2518 ad
1052 2468 1178 2521 motum
1190 2458 1298 2520 deter-

208 2555 364 2632 minatur,
378 2554 505 2636 aliquid
521 2555 664 2636 acquirit
678 2555 768 2635 quod
783 2556 876 2637 prins
891 2574 958 2620 non
975 2550 1123 2633 babebat,
1141 2560 1299 2640 quodque

209 2655 337 2719 siveris
353 2656 484 2732 motrix,
501 2655 569 2717 sire
593 2654 756 2734 velocitas,
772 2657 840 2720 sive
865 2657 1007 2737 impetus
1029 2659 1224 2738 appelletur,
1240 2658 1299 2722 ali·

210 2754 291 2836 quid
305 2754 392 2818 reale
404 2755 542 2818 videtur.

250 2851 322 2916 218.
347 2852 529 2915 Dicendum
555 2850 971 2930 nihilominus,in1notus
997 2853 1297 2917 communicatione

210 2952 335 3014 nullam
358 2951 475 3015 mobili
491 2951 727 3014 communicari
743 2962 798 3013 aut
820 2968 857 3014 ert
872 2951 945 3033 ipso
960 2952 1056 3014 educi
1082 2952 1298 3015 realitatema

209 3051 389 3114 substantia
404 3052 604 3126 distinctam,
621 3051 685 3111 sed·
694 3067 886 3131 corpoream
912 3051 1127 3121 substantiam
1143 3052 1298 3115 determi-

210 3151 281 3213 nari
297 3149 507 3214 solummodo
526 3149 567 3210 ad
586 3147 770 3211 cedendum
787 3150 872 3226 loco,
888 3151 910 3215 i.
928 3171 957 3215 e.
974 3152 1014 3213 ad
1032 3153 1200 3215 mutandas
1212 3152 1297 3217 rela-

208 3248 315 3312 tiones
344 3247 553 3323 eatrinseaas,
583 3264 655 3327 quae
691 3246 801 3310 locum
837 3251 1052 3313 constituunt.
1083 3251 1186 3331 liujus
1219 3269 1297 3316 varo

209 3345 490 3408 determinationis
505 3345 600 3420 ratio,
618 3363 721 3424 quum
736 3347 777 3408 de
792 3347 988 3428 corporibus
1004 3349 1160 3412 inanimis
1168 3353 1296 3432 agitur,

209 3452 257 3507 ast
271 3442 563 3524 impenetrabilitas
579 3442 780 3523 impellentis
796 3454 827 3506 et
842 3445 989 3526 impulsi,
1008 3455 1042 3510 ut
1057 3467 1154 3530 supra
1169 3436 1300 3514 dictum

210 3553 259 3607 est
275 3530 357 3622 (196,
377 3543 431 3620 1⁰).
448 3541 494 3604 Ex
522 3541 581 3603 hac
603 3542 692 3603 enim
709 3541 755 3619 lit,
773 3551 807 3608 ut
822 3563 925 3625 quum
941 3565 1061 3629 corpus
1082 3551 1124 3611 ab
1137 3549 1205 3614 alio
1220 3569 1298 3616 cor-

181 3702 187 3710 ,
207 3638 289 3725 'pore
305 3643 484 3722 impetitur,
499 3639 657 3720 quoniam
673 3651 826 3704 neutrum
852 3643 887 3705 in
909 3645 1044 3710 alterius
1058 3648 1168 3711 locum
1195 3669 1301 3732 pene·

210 3751 296 3807 trare
312 3752 428 3823 potest,
442 3742 505 3807 nisi
519 3742 712 3803 alterutrum
725 3742 799 3806 loco
811 3744 914 3820 cedat,
925 3745 1008 3810 illud
1020 3750 1109 3829 quod
1123 3752 1152 3812 vi
1165 3751 1300 3816 minore

178 3852 182 3861 ’
210 3839 283 3902 loco
299 3841 434 3920 potitur,
452 3839 525 3903 loco
540 3839 741 3904 exturbetur.
757 3840 823 3903 Hae
837 3854 945 3906 autem
962 3848 1235 3913 determinatione
1247 3870 1301 3916 se·

211 3940 274 4001 mel
291 3949 432 4020 accepta,
449 3939 527 4019 quia
554 3939 642 4001 iners
666 3950 726 4016 est,
743 3943 858 4022 nequit
873 3963 944 4007 eam
972 3965 1032 4027 per
1050 3966 1087 4010 se
1107 3948 1299 4029 immutare,

210 4036 358 4118 adeoque
374 4038 488 4119 nequit
510 4055 569 4120 per
583 4058 617 4103 se
632 4040 667 4102 in
682 4041 756 4110 loco
772 4042 884 4125 aliquo
899 4047 1025 4124 sistere,
1041 4048 1098 4112 sed
1113 4047 1186 4112 loco
1207 4067 1302 4115 sern-
