2792 4600
358 351 360 355 f
412 334 498 378 tinen
519 333 652 391 suarius
678 333 769 378 ciros
793 335 831 377 rt.
1100 314 1158 376 189

117 447 309 513 Notabilitas
324 447 496 508 sutrinseco
512 456 559 509 est
576 447 608 508 in
626 464 676 521 eo,
695 449 783 526 quod
801 467 851 507 res
879 447 1056 510 intrinsece
1082 446 1159 507 licet

80 563 140 610 non
157 552 309 618 mutetur,
327 543 477 606 ordinem
494 555 601 606 tamen
618 562 716 623 quem
733 544 771 604 ad
786 545 865 605 alias
879 562 930 605 rcs
944 545 1051 618 babet,
1064 542 1160 605 amit-

78 654 140 708 tere
156 645 267 722 possit,
286 645 333 705 vel
351 661 450 723 quem
468 660 532 704 uon
551 642 649 703 babet
664 644 846 722 acquirere.

17 777 18 806 i
115 739 185 804 stt.
209 739 332 803 inlares
350 740 381 801 l⁰
401 741 517 801 Veram
533 758 569 803 ac
596 742 730 819 proprie
756 741 876 801 dictam
907 741 1157 802 mutabilitatem

17 989 19 1058 l

17 1063 20 1120 l

78 855 144 901 eam
156 857 226 900 esse
237 857 310 919 quae
322 838 500 899 intrinseca
513 838 651 899 dicitur:
665 840 844 900 extrinseca
857 840 945 900 enim
959 838 1159 900 mutabilitas

78 937 213 999 aliorum
227 936 336 1015 potius
352 933 553 997 mutabilitas
571 945 629 997 est.
653 941 657 948 ’
926 930 930 942 ’

116 1035 148 1098 2⁰
170 1034 312 1096 Proinde
345 1033 528 1097 absolutam
562 1034 860 1098 immutabilitatem
883 1052 957 1095 curn
980 1033 1159 1094 extrinseca

79 1119 290 1195 mutabilitate
311 1132 489 1194 consistere
515 1150 620 1212 posse,
638 1133 664 1192 si
682 1132 764 1193 nulli
783 1132 968 1193 intrinsecae
985 1130 1157 1192 mutationi

78 1248 133 1293 ens
148 1230 188 1291 sit
203 1229 397 1292 obnoxium.

115 1328 146 1391 δ’
159 1329 226 1392 Eos
241 1345 339 1391 omne
352 1330 530 1390 intrinsece
547 1327 715 1403 mutabile,
730 1329 762 1389 in
777 1346 815 1392 eo
832 1328 919 1409 quod
935 1327 1156 1399 mutabileest.

77 1427 267 1505 contingens
283 1446 352 1488 asse
368 1425 449 1502 (568,
463 1426 535 1504 588)
548 1444 556 1503 ;
570 1437 601 1488 et
617 1427 758 1489 vicissim
773 1427 936 1507 quidquid
955 1424 1160 1490 immutabile
1208 1497 1210 1500 ⁸

77 1536 131 1598 est,
145 1544 213 1587 esse
230 1526 461 1587 necessarium.
573 1591 577 1599 ,

114 1624 147 1686 4⁰
162 1622 185 1684 Ε
208 1641 364 1686 converso
386 1642 484 1687 omne
505 1625 698 1704 contingens
715 1624 882 1696 mutabile,
900 1641 997 1687 omno
1014 1640 1160 1685 necessa-

79 1722 160 1784 rium
176 1741 247 1784 esse
264 1723 481 1784 immutabile.

510 1869 638 1936 CAPUT
662 1870 714 1933 Ν.

306 2032 340 2073 ott
361 2032 548 2074 rssorncrlotttt
566 2032 602 2075 EX
622 2033 821 2075 nstnrtonntos
841 2033 924 2075 ORTA·

419 2190 428 2208 ·
519 2174 686 2222 antidotus
708 2176 729 2220 1.

529 2289 571 2351 ne
588 2290 706 2353 ordine.

114 2420 184 2485 388.
209 2419 429 2482 Multitudinis
453 2420 608 2500 perfectio
642 2420 759 2482 ordine
794 2422 1005 2483 continetur:
1030 2419 1159 2482 ordinis

78 2529 180 2582 autem
204 2519 408 2599 principium
432 2519 650 2581 relationibus
675 2519 867 2582 multorum.
891 2518 947 2580 Est
969 2520 1058 2580 enim
1082 2518 1162 2582 ordo

77 2621 161 2697 juxta
174 2617 206 2679 S.
225 2615 443 2695 Augustinum
461 2618 610 2696 iporiam
638 2617 868 2697 dispariumque
894 2635 952 2679 suo
977 2617 1084 2695 cuique
1099 2617 1163 2676 loco

77 2715 206 2787 tribuens
219 2712 381 2794 dispositio
397 2716 449 2790 tr);
466 2725 496 2774 et
508 2715 598 2791 juxta
619 2712 785 2777 Tullium:
802 2714 978 2794 compositio
989 2730 1091 2774 rerum
1106 2731 1163 2792 op·

79 2813 114 2875 tis
127 2822 153 2874 et
166 2812 375 2874 determinatis
390 2813 461 2874 locis
476 2815 527 2890 (a).
543 2811 579 2873 ld
595 2823 702 2874 autem
719 2812 806 2892 quod
821 2813 930 2875 locum
944 2812 989 2874 rei
1005 2811 1164 2890 cujusque

79 2910 248 2991 proprium
263 2922 442 2991 aptumque
455 2911 650 2972 determinat
662 2912 747 2972 nibil
760 2911 847 2974 aliud
866 2921 925 2986 est,
942 2928 1041 2992 quam
1054 2907 1164 2988 aliqua
1192 2940 1197 2945 ·

79 3008 184 3083 raino
207 3018 351 3083 coeteras,
376 3009 574 3089 quibuscum
597 3009 825 3091 componenda
847 3018 906 3083 est,
931 3008 1059 3071 relatio.
1077 3008 1163 3071 Sane

82 3108 178 3170 resin
195 3126 229 3169 se
247 3125 323 3181 una,
348 3119 508 3186 quatenus
537 3125 600 3169 una
615 3121 674 3182 est,
691 3109 837 3170 ordinari
856 3127 922 3170 non
939 3117 1057 3187 potest.
1074 3104 1164 3167 'lunc

81 3196 184 3268 solu}
199 3206 317 3287 incipit
333 3207 459 3268 ordinis
477 3205 690 3285 possibilitas,
708 3225 810 3287 quum
827 3208 875 3268 vel
899 3209 932 3268 in
958 3226 993 3270 re
1008 3226 1073 3269 una
1092 3212 1165 3291 plu-

81 3322 127 3366 res
144 3305 459 3388 partes-consistunt,
477 3305 525 3366 vel
543 3322 593 3365 res
607 3305 717 3385 plores
733 3295 922 3368 occurrunt.
937 3305 1044 3378 Quum
1056 3317 1163 3371 autem

83 3403 170 3479 plura
191 3392 347 3465 ordinare
373 3404 536 3477 volumus,
568 3403 772 3483 inquirimus
796 3405 903 3483 primo
925 3423 966 3466 an
986 3404 1165 3468 'relationes

80 3499 202 3581 aliquas
218 3501 304 3563 inter
317 3519 351 3562 se
367 3502 526 3577 babeant;
542 3502 663 3562 deinde
686 3520 835 3583 quaenam
862 3502 928 3564 illae
944 3506 1007 3565 siut
1022 3512 1053 3565 et
1066 3523 1163 3583 quam

83 3599 196 3673 multe,
221 3600 489 3678 consideramus;
507 3619 544 3662 ac
568 3611 733 3680 postremo
757 3619 854 3663 unam
884 3612 939 3663 aut
969 3602 1101 3663 alteram
1126 3621 1164 3664 ex

83 3695 143 3757 illis
167 3699 366 3760 assumimus
394 3707 549 3778 tanquam
567 3699 725 3779 regulam,
757 3718 856 3780 quarn
881 3700 914 3762 in
939 3700 1164 3763 rebusdistri-

83 3793 219 3857 buandis
234 3814 422 3881 sequamur.
440 3798 603 3878 Recogita,
620 3798 761 3877 exempli
784 3800 898 3879 gratia,
926 3801 1093 3879 quomodo
1110 3816 1164 3862 or·

108 3902 436 3977 nmmmmm

107 3998 138 4053 p)
150 3999 182 4045 oe
196 3996 242 4057 offi
252 4002 269 4047 t.
281 4002 318 4048 to.
