2792 4600
442 324 527 369 siene
546 324 669 382 neruus,
693 326 786 371 cnnur
807 326 852 373 nr.
1121 310 1180 373 tlt

105 458 193 527 posse
208 437 387 504 crederent.
412 439 452 500 At
474 440 507 500 in
531 439 691 502 sententie
715 458 813 521 quam
834 441 933 504 modo
959 442 1184 521 expendimus,

106 539 292 606 mutationes
317 554 432 599 omnes
452 538 682 600 substantiales
703 538 773 601 lieri
794 550 975 619 ponuntur,
999 549 1035 603 ut
1057 540 1187 603 theoria

102 637 234 705 atomica
251 634 405 715 postulat.
434 634 528 699 Ratio
544 636 643 715 igitur
658 636 726 710 illa,
741 636 793 699 cui
810 645 876 701 tote
893 638 1103 719 peripatetica
1126 638 1185 702 do·

104 740 201 804 ctrina
217 734 392 808 nitebatur,
411 736 580 797 sententiae
592 735 671 798 huic
682 754 750 799 non
763 738 998 818 patrocinatur.
1011 737 1106 822 Nulla
1123 739 1185 819 igi·
1204 747 1206 752 ’

104 850 153 904 tur
166 834 432 920 experimentalis
447 833 531 896 ratio
547 852 618 896 eam
634 835 760 897 suadet.

140 934 208 997 Non
225 950 243 996 a
259 932 376 1012 priori.
403 932 451 995 Ad
465 933 527 995 hoc
543 934 633 995 enim
648 950 781 996 necesse
793 932 877 997 foret
892 945 929 996 ut
943 934 1183 1011 ostenderetur,

103 1048 278 1113 repugnare
293 1030 506 1093 substantiam
523 1049 595 1113 quse
607 1033 796 1095 extensione
809 1033 850 1094 sit
866 1021 1014 1112 praedi‘ta,
1028 1041 1060 1095 et
1074 1040 1182 1095 tamen

103 1131 302 1212 expetentia
328 1141 467 1211 actuque
496 1132 679 1211 composita
706 1150 772 1196 non
799 1133 852 1196 sit.
878 1133 935 1195 Ast
962 1134 1024 1196 hoc
1040 1132 1187 1213 prolecto

103 1229 314 1294 demonstrari
334 1230 502 1292 anomine
524 1230 663 1310 poterit;
682 1231 813 1311 ipsique
829 1245 951 1293 veteres
969 1233 1031 1295 hoc
1047 1249 1185 1312 agnove-

104 1336 173 1394 runt
185 1329 234 1406 tr).
609 1349 612 1354 ¹
761 1346 764 1353 ·

140 1426 189 1491 tt.
214 1424 410 1488 Excluditur
434 1425 601 1488 intellecta
623 1427 767 1491 secundo
783 1429 898 1502 modo;
914 1446 951 1491 ec
963 1430 1091 1509 potiore
1115 1429 1188 1507 jure

105 1523 300 1590 excluditur.

139 1622 219 1685 Nem
237 1623 547 1703 preterquamquod
564 1624 753 1686 nullatenus
779 1624 961 1686 necessaria
976 1633 1024 1688 est
1050 1624 1088 1685 ad
1107 1624 1188 1688 lacta

104 1718 304 1802 explicanda,
321 1720 483 1782 sententia
511 1721 579 1782 lreec
608 1721 716 1801 primo
742 1730 892 1800 gravatur
908 1722 949 1783 iis
963 1721 1119 1784 omnibus
1135 1723 1187 1785 in·

25 1873 26 1902 2
102 1818 295 1893 commodis,
316 1819 437 1899 quibus
460 1819 734 1884 scholasticorum
749 1827 886 1899 systema
902 1820 1037 1899 reijcere
1056 1821 1090 1882 in
1108 1838 1189 1901 pree-

25 1921 27 1928 ’
104 1916 181 1984 senti
198 1917 361 1997 cogimur.
389 1918 464 1980 'lria
491 1919 561 1980 haec
587 1918 823 1991 memorabo,a
850 1918 970 1999 quihus
986 1937 1021 1981 se
1046 1918 1188 1982 liberare

104 2015 270 2099 sententiae
286 2016 382 2093 hujus
398 2027 574 2079 assertores
591 2016 711 2078 frustra
727 2016 921 2081 niterentur.

143 2117 172 2179 1⁰
192 2117 258 2178 Per
285 2117 479 2178 sententiam
516 2117 611 2190 hanc,
642 2135 736 2197 aeque
764 2134 801 2179 ac
829 2135 887 2197 per
916 2117 1188 2181 scholasticorum

103 2222 253 2294 systema,
271 2222 336 2276 tote
355 2214 497 2276 chimica
513 2214 661 2288 scientia,
687 2225 719 2277 et
735 2233 810 2277 cum
825 2234 861 2277 ea
875 2216 1018 2298 physicae
1030 2216 1189 2279 universae

102 2313 312 2377 fundamenta
341 2314 545 2377 subruuntur
575 2317 638 2392 (35,
662 2318 757 2396 seql.
787 2316 865 2379 ilico
893 2317 1055 2378 climiccm
1082 2314 1190 2378 sumni

102 2412 271 2477 toralium.
294 2411 375 2475 Nam
400 2421 487 2476 certe
514 2413 595 2476 lacte
621 2433 693 2494 quae
709 2414 770 2477 sub
783 2414 898 2480 oculos
912 2412 1046 2489 cadunt,
1060 2412 1190 2493 experi-

103 2520 277 2592 menteque
292 2513 504 2592 physicorum
521 2514 620 2575 nullae
637 2514 811 2575 hominnm
829 2512 1005 2593 opiniones
1021 2512 1189 2574 destruere

102 2611 222 2676 valent:
241 2629 304 2673 nec
318 2612 461 2691 proiecto
474 2613 551 2693 quie
569 2614 638 2675 haec
659 2612 741 2675 lacta
768 2630 834 2674 non
860 2612 1043 2687 destruunt,
1060 2619 1191 2673 senten·

103 2708 152 2773 tiae
174 2709 275 2787 hujus
300 2711 425 2788 patroni
442 2710 505 2771 sibi
522 2711 678 2791 gratulari
696 2720 840 2790 possent,
858 2728 891 2772 se
906 2708 1063 2772 chimiam
1077 2727 1190 2773 recen·

103 2805 217 2869 tionem
233 2806 394 2887 recipere,
419 2817 450 2869 et
476 2826 551 2870 cnm
581 2809 650 2889 ipsa
678 2809 856 2871 cohaerere.
874 2807 1004 2869 Chimia
1019 2808 1108 2869 enim
1123 2824 1191 2870 non

104 2904 257 2970 historica
273 2905 421 2986 qnaedam
436 2907 701 2987 laetorumatque
713 2907 1013 2986 experimentorum
1029 2907 1190 2987 expositio

103 3010 158 3076 est,
175 3003 235 3065 sed
249 3005 380 3066 sommia
401 3022 473 3085 quae
500 3006 569 3067 haec
591 3004 672 3067 lecta
689 3012 786 3086 atque
801 3005 1024 3085 experimenta
1038 3004 1190 3085 explicat.

102 3100 250 3182 Explicat
265 3120 341 3166 vero
365 3121 422 3184 per
437 3103 619 3166 alomicam
628 3104 814 3166 doctrinam
829 3112 859 3166 el
875 3103 1035 3166 theoriam
1051 3102 1190 3165 affinitas

103 3207 169 3261 tum
197 3200 288 3263 inter
317 3201 550 3281 heterogeneas
572 3201 796 3276 substantias;
819 3208 951 3280 lotaque
974 3200 1092 3262 nititur
1114 3201 1193 3264 huic

103 3295 317 3361 fundamento
341 3316 349 3364 :
373 3311 499 3363 atomos
535 3301 793 3362 substantiarum
830 3317 903 3385 quae
945 3298 1190 3376 combinentur,

104 3397 253 3475 quamvis
286 3397 402 3461 intime
434 3400 628 3462 consociatae
660 3385 737 3472 sin't,
761 3417 893 3461 manere
913 3407 1021 3460 tamen
1045 3398 1079 3460 id
1102 3398 1192 3479 quod

103 3503 187 3568 aunt,
213 3512 253 3558 ac
276 3495 462 3558 nullatenus
497 3497 676 3560 immutari.
706 3498 804 3578 Atqui
827 3497 853 3559 si
876 3496 1056 3578 recipiatur
1076 3498 1195 3578 opinio

105 3610 199 3672 quam
235 3594 479 3675 impugnamus,
505 3594 756 3658 fundamentum
780 3597 853 3668 hoc,
878 3613 943 3657 una
964 3613 1038 3658 cum
1062 3594 1192 3658 theoria

104 3693 241 3754 atomica
256 3709 294 3755 ec
307 3692 435 3755 theoria
447 3693 640 3758 affinitatum
654 3697 740 3758 inter
752 3695 903 3757 humanae
917 3694 1094 3774 phantasiis
1106 3694 1191 3757 ludi·

104 3785 173 3850 bria
188 3789 435 3853 emendandum
452 3801 523 3869 est;
539 3811 577 3855 ac
593 3793 733 3873 proinde
748 3792 1023 3873 explicationibus
1038 3792 1191 3857 chimicis

105 3886 240 3962 relictis,
277 3889 350 3952 aliae
384 3891 523 3955 omnino
557 3891 715 3956 lectorum
738 3891 972 3973 explicationes
1007 3892 1195 3972 querende

131 4019 162 4074 ll}
177 4017 273 4069 Scarez
283 4018 347 4078 Disp-
359 4018 413 4067 tter.
425 4018 492 4074 xiil,
503 4028 561 4067 sect.
572 4021 603 4077 X,
613 4021 700 4077 tvtll.
