2792 4600
444 378 530 448 arnan
552 377 672 436 eurum,
696 378 788 423 carun
809 379 854 423 nr.
1152 365 1196 428 29
1303 410 1304 413 ,

95 501 276 578 agnoscunt
301 511 427 558 onmes.
444 493 542 574 Atqui
558 493 671 555 omnia
699 493 768 556 baec
783 493 879 555 realis
896 494 1043 557 essentiae
1058 496 1186 560 entitati

99 594 311 667 conveniunt,
331 600 365 654 ut
380 590 590 653 manifestum
607 599 666 653 est.
680 590 778 671 Ergo.

139 694 155 721 *
170 692 221 755 59.
246 692 329 771 Hinc
358 691 495 770 colliges
518 690 562 751 t⁰.
580 691 764 754 Essentiarn
791 708 860 753 esse
876 690 1130 771 inseparabilem
1153 697 1194 760 ab

101 790 282 864 existentia,
299 809 357 872 per
368 808 465 870 quarn
483 789 553 870 ipsa
565 800 638 851 actu
651 797 717 866 est;
732 790 887 857 ,videlieet
898 808 965 852 nnn
979 808 1073 870 posse
1092 793 1125 855 in
1139 812 1194 857 nr·

102 891 350 953 dine'realitatis
367 893 501 950 atteram
515 902 646 949 manere
661 889 733 950 sine
748 889 860 951 altera.

144 989 177 1051 2⁰
190 987 282 1054 Nihil
302 987 439 1050 existere
461 1004 556 1064 pesse
572 985 743 1048 existentia
766 986 870 1049 atiena
884 985 1006 1065 absque
1022 987 1196 1052 existentia

104 1089 250 1169 propria.

144 1188 177 1249 5⁰
200 1185 480 1264 (Inmpnsitinnem
498 1202 534 1244 ex
550 1183 690 1243 essentia
707 1182 787 1243 reati
805 1192 835 1243 et
850 1183 1021 1245 existentia
1039 1203 1108 1247 esse
1125 1204 1195 1248 rne-

104 1284 318 1366 taphysicam²
331 1301 449 1363 nempe
457 1302 496 1345 ex
505 1282 651 1362 partibus
664 1282 867 1343 rationesnta
877 1281 1040 1344 distinctis
1054 1285 1195 1362 (1,.107),

104 1401 178 1447 cunt
193 1382 407 1445 fundamento
423 1392 530 1443 tamen
545 1382 578 1442 in
592 1399 626 1441 re
643 1380 705 1458 tat,
725 1380 780 1457 1⁰).

144 1481 159 1511 *
173 1482 224 1544 60.
243 1483 288 1546 Ex
304 1482 401 1544 dictis
418 1480 513 1544 facile
529 1479 687 1542 refutabis
700 1498 772 1559 quae
789 1482 911 1559 opponi
929 1482 1045 1543 soient.

144 1582 229 1661 Opp.
255 1579 280 1644 1.
303 1580 335 1645 Si
365 1577 536 1641 existentia
561 1577 653 1638 idern·
676 1586 725 1637 est
742 1595 779 1637 ae
807 1580 957 1650 essentia,
980 1580 1198 1659 consequitur

105 1679 310 1745 existentiam
341 1678 442 1741 finitis
458 1694 590 1756 qunque
616 1675 747 1736 entibus
768 1692 838 1737 esse
864 1677 1082 1739 essentialem.
1100 1679 1196 1743 Unde

105 1776 282 1841 dicendum
302 1775 396 1848 foret,
413 1774 501 1837 entia
515 1773 606 1835 finita
630 1772 813 1835 necessario
829 1772 983 1846 existere;
1001 1776 1090 1853 quud
1104 1776 1195 1838 enim

106 1875 245 1954 pertinet
261 1874 301 1935 ad
317 1872 490 1935 essentiam
507 1870 727 1934 necessarium
741 1879 797 1934 est.

145 1970 243 2054 Resp.
258 1971 333 2053 Nep.
349 1979 415 2033 ant.
435 1970 505 2034 Nun
522 1972 608 2031 enim
623 1969 796 2031 existentia
812 1977 860 2030 est
874 1969 1121 2033 constitutivum
1142 1974 1196 2034 in-

105 2069 289 2151 telligibilis
315 2068 464 2130 essentiae
481 2070 513 2129 in
541 2068 671 2131 entibus
687 2066 800 2139 finitis,
818 2066 875 2129 sed
904 2077 953 2130 est
968 2067 1038 2148 ipsa
1054 2071 1195 2132 essentia

106 2168 276 2248 preducta.
287 2166 358 2229 nnn
374 2175 423 2228 est
441 2164 791 2247 igiturentibusfinitis
806 2165 977 2227 essentiale
987 2177 1102 2229 utactu
1114 2168 1194 2242 sint,

105 2284 165 2330 nec
176 2266 360 2330 necessario
377 2264 434 2328 iila
449 2265 602 2339 existunt,
620 2264 680 2327 sed
694 2265 758 2327 bne
773 2280 876 2345 unum
893 2266 1113 2329 necessarium
1133 2276 1193 2343 est,

104 2373 138 2429 nt
151 2365 408 2438 finitaessentia,
426 2365 453 2426 si
469 2365 678 2445 producatur,
696 2364 739 2426 sit
753 2363 901 2443 quaedam
916 2365 1098 2441 existentia,
1115 2375 1146 2429 et
1158 2377 1194 2431 ut

104 2465 275 2528 existentia
290 2464 398 2527 omnis
414 2463 456 2525 sit
472 2464 619 2542 quaedam
636 2461 788 2523 essentia.
1017 2452 1020 2458 ’

146 2562 229 2644 Opp.
247 2562 288 2624 11.
306 2565 367 2627 Res
393 2572 507 2623 creatae
536 2560 655 2623 babent
680 2579 750 2622 esse
773 2569 939 2641 receptum
957 2571 988 2623 et
1019 2563 1194 2645 participu-

103 2670 172 2723 tum
189 2680 195 2722 :
214 2661 302 2741 quod
316 2679 392 2723 vern
408 2659 579 2740 recipitur,
597 2658 629 2720 in
646 2659 711 2721 aiio
728 2658 898 2739 recipitur.
915 2659 977 2722 Sed
994 2660 1055 2721 boc
1077 2660 1109 2722 in
1126 2681 1194 2742 qun

104 2773 174 2821 esse
191 2759 360 2839 recipitne,
379 2758 462 2821 nihii
480 2758 569 2820 alind
586 2776 655 2820 esse
672 2765 777 2837 potest
789 2775 886 2838 quam
901 2759 1048 2821 essentiae
1063 2760 1193 2824 entitas.

102 2857 201 2938 Ergo.

146 2955 243 3036 Resp.
260 2955 336 3017 bist.
353 2955 412 3016 111.
426 2962 510 3033 part.
528 2953 603 3034 maj.
622 2953 684 3024 Res
707 2963 819 3016 creatae
843 2948 962 3016 babent
994 2974 1080 3018 essse
1103 2975 1194 3019 reee-
1242 2990 1244 2993 >

103 3063 195 3135 ptum
213 3054 253 3116 ab
275 3054 385 3133 aliqua
401 3070 508 3127 cause,
525 3070 609 3114 cene.
619 3075 629 3122 ,·
646 3053 679 3113 in
695 3053 808 3131 atiquo
824 3052 980 3130 subjecte,
998 3055 1083 3116 subd.
1093 3080 1103 3129 ;
1119 3075 1196 3117 vere

103 3170 141 3214 ac
165 3152 408 3232 physice,nep.;
429 3150 665 3229 metaphorice,
688 3160 849 3229 quatenus
871 3153 1012 3212 essentia
1037 3153 1195 3233 inteiligi-

103 3250 182 3312 bilis
198 3250 402 3313 existentiam
419 3250 506 3310 inter
520 3266 594 3311 snas
611 3258 703 3310 notas
717 3266 785 3310 nnn
800 3249 969 3323 continet,
980 3269 1063 3313 conc.

21 3345 23 3350 ’
148 3348 224 3410 Dist.
243 3366 375 3428 qunque
389 3346 452 3409 111.
468 3354 551 3428 part.
568 3347 643 3428 maj.
660 3345 752 3418 Quod
766 3348 935 3428 recipitur,
950 3350 983 3410 in
997 3349 1062 3412 atio
1076 3350 1196 3429 recipi·

24 3505 26 3536 ,
103 3458 169 3521 tur,
189 3447 211 3508 i.
230 3446 363 3526 equod
388 3444 546 3524 recipitur
564 3446 706 3526 physice,
723 3463 828 3519 conc.,·
846 3446 934 3525 quod
951 3429 1111 3527 recipitur
1126 3466 1197 3509 mc·

25 3545 27 3558 ¹
95 3545 286 3625 ,tapbnrice
302 3554 460 3624 utsupra,
476 3562 564 3623 nepa.
728 3557 748 3596 ό

145 3641 184 3705 Et
198 3642 312 3703 omissa
325 3643 418 3718 min„
432 3659 503 3721 nep.
521 3659 604 3703 cons.

146 3740 191 3802 lix
209 3742 268 3802 bac
284 3739 499 3801 distinctione
523 3748 619 3819 patet,
634 3756 700 3819 quo
716 3756 814 3800 sensu
828 3757 878 3799 res
894 3749 1007 3801 creatae
1021 3758 1090 3803 esse
1107 3759 1199 3804 rece-

106 3848 198 3919 ptum
227 3838 348 3900 babere
364 3836 526 3924 dicantur.
545 3836 628 3908 Quid
656 3837 682 3897 si
708 3837 783 3917 quis
799 3848 930 3918 urgeat:
949 3841 974 3924 si
1000 3856 1051 3900 res
1080 3848 1200 3902 create

106 3937 229 3999 babent
251 3955 322 3999 esse
340 3937 582 4018 participatum,
600 3934 726 4015 aliquid
744 3938 786 3998 sit
798 3944 926 4016 opertet
942 3937 1031 4017 qnod
1047 3938 1111 4001 hnc
1125 3956 1202 4001 esse

38 4031 44 4042 '
107 4018 297 4115 participem
316 4032 533 4115 respondebis
554 4049 629 4094 eum
645 4032 826 4095 Alexandra
856 4034 989 4098 diensi:
1010 4059 1025 4090 a
1044 4054 1203 4098 neeesse
