2792 4600
374 336 460 387 trren
481 341 642 401 susannae,
664 341 757 388 crrur
778 341 811 387 u.
1087 322 1149 387 333

74 456 201 538 intelligi
228 463 333 535 potest
349 463 412 518 tam
435 457 477 519 da
492 467 639 538 tempore
655 425 746 532 reali,
765 475 867 538 quam
893 456 933 519 de
962 454 1075 532 ideali,
1092 453 1147 517 sod

75 554 293 623 diversimode.

106 657 138 719 Si
153 655 194 717 de
209 664 355 734 temporo
372 654 450 716 reali
476 654 683 734 intelligitur,
713 654 899 736 significat:
924 673 990 716 aaa
1010 672 1149 733 semper,·

69 754 211 819 videlicet
226 768 293 815 non
309 770 439 832 semper
455 752 619 816 successio
634 770 745 818 rerum
759 751 967 814 mutabilium
981 750 1043 813 luit
1057 767 1151 813 :suc-

69 851 165 919 cessio
180 850 250 913 ltoec
264 849 398 913 initium
414 850 541 918 babuit.
558 852 592 915 Si
609 869 686 916 vero
702 852 742 914 de
757 861 905 929 tempore
920 849 1031 925 ideali,
1048 848 1152 929 signi·

69 953 136 1015 licat
147 967 206 1013 nos
217 949 392 1030 concipere
400 959 528 1031 tenipus
537 949 694 1030 possibile
707 958 883 1030 autequam
893 947 1053 1025 inciperet
1065 946 1152 1009 reale

73 1061 205 1130 tempus.
225 1045 315 1115 ldom
331 1049 420 1112 dicas
435 1049 476 1112 de
492 1049 559 1112 illis
575 1051 663 1128 prius
679 1058 710 1112 et
720 1058 838 1130 postca.

104 1149 156 1214 Sic
171 1155 269 1227 patet,
293 1155 325 1210 et
344 1148 551 1212 Aristotelem
573 1156 604 1211 et
619 1147 776 1211 Proclum
792 1154 824 1210 et
838 1146 992 1209 Kantium
1012 1144 1047 1206 in
1063 1159 1153 1205 mera

68 1247 148 1311 vocis
160 1244 415 1326 equivocatione
428 1245 552 1320 ludere,
565 1245 850 1326 etimagiuationis
863 1241 1011 1306 ludibrio
1025 1240 1149 1321 decipi.

107 1342 176 1408 283.
189 1344 310 1406 Cetera
322 1362 394 1423 quae
403 1343 603 1407 recentiores
614 1341 1150 1424 sophistaeobjiciuntargumenta,

73 1443 120 1508 bis
133 1441 250 1507 solutis
273 1442 430 1506 iacillims
452 1431 580 1518 solvss;
603 1450 680 1506 sunt
701 1442 791 1504 euim
810 1441 923 1505 omnia
943 1458 982 1502 ex
1007 1448 1153 1502 veterum

70 1541 229 1610 erroribus
245 1541 451 1622 deprompta.
465 1542 663 1622 Argumenta
679 1541 791 1606 omnia
805 1552 952 1603 veterum
967 1538 1038 1603 tuso
1049 1539 1151 1601 relata

71 1657 104 1701 ac
123 1638 227 1702 solide
241 1638 390 1704 discussa
405 1640 548 1720 reperies
563 1640 648 1721 apud
666 1658 692 1703 s.
717 1638 877 1702 'rhomam
899 1642 935 1716 (tl
962 1649 994 1699 et
1016 1636 1154 1699 Benedi-

71 1738 397 1816 atuml’ereriumlu).

481 1879 655 1970 ⁴rubricatus
678 1900 720 1947 tv.

296 2021 329 2114 u*
353 2020 395 2082 Dc
408 2021 519 2083 muudi
532 2023 636 2083 oeterut'
657 2019 876 2101 repugnantia.

111 2151 179 2214 est.
201 2151 398 2215 scholastici
417 2151 481 2214 tide
497 2152 676 2214 christiana
692 2151 798 2215 edocti
816 2149 930 2213 mundi
949 2148 1155 2212 durationem

76 2250 199 2314 initium
212 2250 378 2327 habuisse,
398 2252 458 2314 bac
474 2251 507 2313 in
523 2249 610 2314 reeb
623 2249 797 2315 Aristotele
820 2247 949 2330 penitus
965 2247 1156 2322 discessere,

77 2349 252 2430 ruundique
268 2352 493 2426 aeternitatem,
510 2349 599 2431 quod
615 2349 654 2411 ad
679 2348 799 2411 lactum
816 2348 968 2427 pertinet,
985 2346 1158 2425 multoque

78 2448 170 2529 magis
186 2449 296 2528 quoad
323 2448 393 2528 ejus
418 2449 655 2522 necessitatem,
676 2457 885 2527 respuerunt.
906 2445 1044 2518 Quidam
1058 2443 1157 2505 etiam

78 2547 230 2627 negabant
247 2565 394 2628 prorsus,
408 2566 465 2611 seu
481 2548 655 2621 mundum,
669 2565 726 2610 seu
738 2554 878 2608 creatam
895 2542 1076 2626 quamlibet
1089 2559 1158 2604 rem

77 2645 113 2708 ab
123 2656 244 2709 aeterno
260 2647 406 2727 potuisse
421 2646 505 2708 fieri.
522 2646 585 2710 Sed
599 2645 655 2707 alii
668 2662 735 2707 non
753 2644 818 2708 ita:
837 2651 885 2706 ast
899 2653 934 2706 ut
950 2641 1157 2705 Aristotelem

78 2743 298 2824 aliquomodo
321 2751 539 2825 protegerent,
569 2742 811 2805 contendebant
833 2740 948 2804 mundi
976 2739 1090 2804 sterni
1107 2738 1158 2801 in·

77 2845 243 2907 trinsecam
268 2844 567 2925 impossibilitatem
589 2841 714 2905 nullam
735 2859 816 2913 esse,
848 2840 990 2921 ideoque
1014 2838 1158 2900 libertati

78 2944 188 3006 divium
210 2944 361 3008 relictum
388 2942 530 3015 aiebant,
553 2950 589 3005 ut
612 2940 773 3003 mundum
796 2951 953 3003 aeternum
977 2937 1094 3001 laceret
1108 2936 1158 3000 vel

78 3049 333 3123 temporaneum.

115 3157 184 3221 985.
202 3154 251 3220 Ad
281 3158 341 3220 bos
369 3156 503 3218 accessit
529 3162 659 3217 sanctus
681 3155 832 3229 Thomas,
853 3153 910 3233 qui
934 3162 1041 3214 tamen
1057 3169 1160 3232 quum

78 3254 248 3319 affirmaret
271 3256 422 3318 muudum
448 3272 514 3316 uon
540 3270 655 3333 semper
679 3251 773 3332 fuisse
801 3252 867 3314 sola
894 3252 954 3332 lide
986 3244 1092 3325 teneri,
1132 3257 1161 3311 et

78 3355 306 3419 demonstrative
330 3353 458 3434 probari
485 3369 551 3414 uau
567 3370 652 3432 posca
666 3354 702 3430 (s)
718 3351 806 3415 ultro
821 3350 999 3428 ,concessit
1017 3350 1161 3412 rationes

77 3473 143 3537 quse
157 3473 219 3518 suo
235 3461 384 3534 tempore
398 3451 438 3514 ad
456 3452 518 3514 hoc
535 3450 827 3513 demonstrandum
843 3449 1072 3522 afferebantur,
1086 3467 1160 3528 pro·

79 3554 259 3617 labilitatem
286 3553 404 3628 babere,
421 3551 497 3614 licet
517 3567 726 3632 usquequaque
752 3566 817 3610 uou
838 3549 874 3609 de
897 3548 1070 3612 uescesitate
1090 3564 1162 3609 cou-

77 3652 226 3715 eludereut
241 3654 288 3731 (t).
306 3650 354 3713 Ad
370 3666 469 3732 quam
484 3646 678 3711 sententiam
700 3645 865 3708 ferendam
887 3644 1047 3707 adductus
1063 3651 1110 3705 est
1132 3661 1159 3706 s.

104 3817 132 3873 (lt
150 3816 242 3865 Contra
254 3815 386 3864 Cenabit).
402 3811 553 3861 ticet-5¹1.

103 3891 134 3945 (ἲ)
145 3891 179 3935 lle
188 3902 269 3936 remam
279 3888 417 3948 principiis.
427 3885 480 3948 Lib.
491 3884 542 3933 XV.
643 3902 654 3923 ·

103 3963 135 4017 (ill
150 3963 219 4010 Sura.
230 3962 262 4008 tl.
275 3978 298 4022 p.
310 3963 330 4009 l.
339 3975 363 4023 q.
374 3960 459 4010 xcvi.
470 3966 516 4005 art.
528 3956 561 4004 11.

102 4037 134 4093 (ll
146 4036 232 4087 Gontr.
244 4046 307 4097 pent.
319 4038 370 4086 Ltb.
384 4033 593 4084 tt·.c.xxxtl111.
