<?xml version="1.0" encoding="UTF-8"?>
<!DOCTYPE html PUBLIC "-//W3C//DTD XHTML 1.0 Transitional//EN"
    "http://www.w3.org/TR/xhtml1/DTD/xhtml1-transitional.dtd">
<html xmlns="http://www.w3.org/1999/xhtml" xml:lang="en" lang="en">
 <head>
  <title>
</title>
<meta http-equiv="Content-Type" content="text/html;charset=utf-8" />
  <meta name='ocr-system' content='tesseract 3.04.00' />
  <meta name='ocr-capabilities' content='ocr_page ocr_carea ocr_par ocr_line ocrx_word'/>
</head>
<body>
  <div class='ocr_page' id='page_1' title='image "./institutionesph01tonggoog_0242.png"; bbox 0 0 2792 4600; ppageno 0'>
   <div class='ocr_carea' id='block_1_1' title="bbox 119 287 812 376">
    <p class='ocr_par' dir='ltr' id='par_1_1' title="bbox 119 287 812 376">
     <span class='ocr_line' id='line_1_1' title="bbox 119 287 812 376; baseline -0.009 0"><span class='ocrx_word' id='word_1_1' title='bbox 119 287 124 298; x_wconf 46' lang='lat'>⁵</span> <span class='ocrx_word' id='word_1_2' title='bbox 173 310 235 376; x_wconf 69' lang='lat'>234</span> <span class='ocrx_word' id='word_1_3' title='bbox 619 324 812 371; x_wconf 83' lang='lat' dir='ltr'>cosuouocn.</span> 
     </span>
    </p>
   </div>
   <div class='ocr_carea' id='block_1_2' title="bbox 212 437 1318 524">
    <p class='ocr_par' dir='ltr' id='par_1_2' title="bbox 212 437 1318 524">
     <span class='ocr_line' id='line_1_2' title="bbox 212 437 1318 524; baseline -0.006 -18"><span class='ocrx_word' id='word_1_4' title='bbox 212 442 246 506; x_wconf 76' lang='lat'>4⁰</span> <span class='ocrx_word' id='word_1_5' title='bbox 269 444 414 524; x_wconf 76' lang='lat' dir='ltr'>Corpora</span> <span class='ocrx_word' id='word_1_6' title='bbox 430 458 497 505; x_wconf 93' lang='lat' dir='ltr'>non</span> <span class='ocrx_word' id='word_1_7' title='bbox 510 449 616 505; x_wconf 85' lang='lat' dir='ltr'>essent</span> <span class='ocrx_word' id='word_1_8' title='bbox 632 458 737 504; x_wconf 91' lang='lat' dir='ltr'>unum</span> <span class='ocrx_word' id='word_1_9' title='bbox 759 458 818 521; x_wconf 93' lang='lat' dir='ltr'>per</span> <span class='ocrx_word' id='word_1_10' title='bbox 839 457 884 515; x_wconf 91' lang='lat' dir='ltr'>se,</span> <span class='ocrx_word' id='word_1_11' title='bbox 909 437 1085 501; x_wconf 90' lang='lat' dir='ltr'>sedunum</span> <span class='ocrx_word' id='word_1_12' title='bbox 1102 456 1159 518; x_wconf 89' lang='lat' dir='ltr'>per</span> <span class='ocrx_word' id='word_1_13' title='bbox 1174 437 1261 500; x_wconf 91' lang='lat' dir='ltr'>acci·</span> <span class='ocrx_word' id='word_1_14' title='bbox 1315 439 1318 443; x_wconf 84' lang='lat'>&#39;</span> 
     </span>
    </p>
   </div>
   <div class='ocr_carea' id='block_1_3' title="bbox 173 541 1260 718">
    <p class='ocr_par' dir='ltr' id='par_1_3' title="bbox 173 541 1260 718">
     <span class='ocr_line' id='line_1_3' title="bbox 173 541 264 603; baseline 0.022 -2"><span class='ocrx_word' id='word_1_15' title='bbox 173 541 264 603; x_wconf 90' lang='lat' dir='ltr'>dens.</span> 
     </span>
     <span class='ocr_line' id='line_1_4' title="bbox 212 634 1260 718; baseline -0.004 -17"><span class='ocrx_word' id='word_1_16' title='bbox 212 640 246 701; x_wconf 76' lang='lat'>5⁰</span> <span class='ocrx_word' id='word_1_17' title='bbox 257 637 322 701; x_wconf 89' lang='lat' dir='ltr'>Nec</span> <span class='ocrx_word' id='word_1_18' title='bbox 333 636 564 718; x_wconf 77' lang='lat' dir='ltr'><strong>componentia</strong></span> <span class='ocrx_word' id='word_1_19' title='bbox 577 654 594 698; x_wconf 90' lang='lat' dir='ltr'>a</span> <span class='ocrx_word' id='word_1_20' title='bbox 606 636 790 716; x_wconf 91' lang='lat' dir='ltr'>composito</span> <span class='ocrx_word' id='word_1_21' title='bbox 803 634 913 715; x_wconf 91' lang='lat' dir='ltr'>specie</span> <span class='ocrx_word' id='word_1_22' title='bbox 925 634 1104 710; x_wconf 85' lang='lat' dir='ltr'>differrent,</span> <span class='ocrx_word' id='word_1_23' title='bbox 1117 652 1157 697; x_wconf 92' lang='lat' dir='ltr'>eo</span> <span class='ocrx_word' id='word_1_24' title='bbox 1169 635 1260 715; x_wconf 89' lang='lat' dir='ltr'>quod</span> 
     </span>
    </p>
   </div>
   <div class='ocr_carea' id='block_1_4' title="bbox 171 732 1319 915">
    <p class='ocr_par' dir='ltr' id='par_1_4' title="bbox 171 732 1319 915">
     <span class='ocr_line' id='line_1_5' title="bbox 171 732 1319 816; baseline -0.003 -19"><span class='ocrx_word' id='word_1_25' title='bbox 171 737 298 816; x_wconf 89' lang='lat' dir='ltr'>species</span> <span class='ocrx_word' id='word_1_26' title='bbox 319 754 386 799; x_wconf 92' lang='lat' dir='ltr'>non</span> <span class='ocrx_word' id='word_1_27' title='bbox 410 736 451 798; x_wconf 90' lang='lat' dir='ltr'>ab</span> <span class='ocrx_word' id='word_1_28' title='bbox 470 734 695 799; x_wconf 88' lang='lat' dir='ltr'>accidentibus</span> <span class='ocrx_word' id='word_1_29' title='bbox 717 734 920 809; x_wconf 81' lang='lat' dir='ltr'><strong>derivantur,</strong></span> <span class='ocrx_word' id='word_1_30' title='bbox 944 734 1000 797; x_wconf 91' lang='lat' dir='ltr'>sed</span> <span class='ocrx_word' id='word_1_31' title='bbox 1026 751 1045 795; x_wconf 91' lang='lat' dir='ltr'>a</span> <span class='ocrx_word' id='word_1_32' title='bbox 1066 732 1259 796; x_wconf 89' lang='lat' dir='ltr'>substantia.</span> <span class='ocrx_word' id='word_1_33' title='bbox 1306 749 1319 766; x_wconf 89' lang='grc'><em>·</em></span> 
     </span>
     <span class='ocr_line' id='line_1_6' title="bbox 171 831 1298 915; baseline -0.003 -17"><span class='ocrx_word' id='word_1_34' title='bbox 171 834 410 915; x_wconf 75' lang='lat' dir='ltr'>componentia</span> <span class='ocrx_word' id='word_1_35' title='bbox 431 844 539 898; x_wconf 91' lang='lat' dir='ltr'>autern</span> <span class='ocrx_word' id='word_1_36' title='bbox 561 853 579 897; x_wconf 92' lang='lat' dir='ltr'>a</span> <span class='ocrx_word' id='word_1_37' title='bbox 601 833 786 914; x_wconf 85' lang='lat' dir='ltr'>composito</span> <span class='ocrx_word' id='word_1_38' title='bbox 802 833 881 895; x_wconf 91' lang='lat' dir='ltr'>solis</span> <span class='ocrx_word' id='word_1_39' title='bbox 898 833 1068 895; x_wconf 81' lang='lat' dir='ltr'>differrent</span> <span class='ocrx_word' id='word_1_40' title='bbox 1081 831 1261 895; x_wconf 87' lang='lat' dir='ltr'>accidenti·</span> <span class='ocrx_word' id='word_1_41' title='bbox 1296 879 1298 882; x_wconf 84' lang='lat'><em>-</em></span> 
     </span>
    </p>
   </div>
   <div class='ocr_carea' id='block_1_5' title="bbox 170 934 1261 2882">
    <p class='ocr_par' dir='ltr' id='par_1_5' title="bbox 172 934 246 997">
     <span class='ocr_line' id='line_1_7' title="bbox 172 934 246 997; baseline 0.014 -2"><span class='ocrx_word' id='word_1_42' title='bbox 172 934 246 997; x_wconf 90' lang='lat' dir='ltr'>bus.</span> 
     </span>
    </p>

    <p class='ocr_par' dir='ltr' id='par_1_6' title="bbox 171 1013 1261 1392">
     <span class='ocr_line' id='line_1_8' title="bbox 213 1013 1258 1119; baseline -0.003 -24"><span class='ocrx_word' id='word_1_43' title='bbox 213 1032 265 1096; x_wconf 78' lang='lat'>67.</span> <span class='ocrx_word' id='word_1_44' title='bbox 296 1032 354 1119; x_wconf 68' lang='lat' dir='ltr'>Ad⁸</span> <span class='ocrx_word' id='word_1_45' title='bbox 367 1032 590 1095; x_wconf 88' lang='lat' dir='ltr'>difficultatem</span> <span class='ocrx_word' id='word_1_46' title='bbox 610 1013 890 1094; x_wconf 84' lang='lat' dir='ltr'>fundamentalem</span> <span class='ocrx_word' id='word_1_47' title='bbox 912 1030 1010 1093; x_wconf 89' lang='lat' dir='ltr'>initio</span> <span class='ocrx_word' id='word_1_48' title='bbox 1030 1030 1258 1110; x_wconf 81' lang='lat' dir='ltr'><strong>propositam:</strong></span> 
     </span>
     <span class='ocr_line' id='line_1_9' title="bbox 172 1128 1261 1212; baseline -0.002 -20"><span class='ocrx_word' id='word_1_49' title='bbox 172 1144 311 1210; x_wconf 85' lang='lat' dir='ltr'>nempe:</span> <span class='ocrx_word' id='word_1_50' title='bbox 330 1130 363 1193; x_wconf 89' lang='lat' dir='ltr'>Si</span> <span class='ocrx_word' id='word_1_51' title='bbox 381 1132 612 1212; x_wconf 75' lang='lat' dir='ltr'>componentia</span> <span class='ocrx_word' id='word_1_52' title='bbox 633 1140 707 1193; x_wconf 90' lang='lat' dir='ltr'>actu</span> <span class='ocrx_word' id='word_1_53' title='bbox 728 1139 860 1192; x_wconf 92' lang='lat' dir='ltr'>manent</span> <span class='ocrx_word' id='word_1_54' title='bbox 881 1130 916 1192; x_wconf 92' lang='lat' dir='ltr'>in</span> <span class='ocrx_word' id='word_1_55' title='bbox 936 1129 1050 1203; x_wconf 85' lang='lat' dir='ltr'>mixto,</span> <span class='ocrx_word' id='word_1_56' title='bbox 1067 1128 1158 1200; x_wconf 87' lang='lat' dir='ltr'>nulla</span> <span class='ocrx_word' id='word_1_57' title='bbox 1178 1145 1261 1190; x_wconf 88' lang='lat' dir='ltr'>nova</span> 
     </span>
     <span class='ocr_line' id='line_1_10' title="bbox 172 1228 1260 1310; baseline 0 -21"><span class='ocrx_word' id='word_1_58' title='bbox 172 1228 351 1292; x_wconf 92' lang='lat' dir='ltr'>substantia</span> <span class='ocrx_word' id='word_1_59' title='bbox 364 1230 569 1310; x_wconf 82' lang='lat' dir='ltr'>producitur,</span> <span class='ocrx_word' id='word_1_60' title='bbox 584 1230 640 1292; x_wconf 90' lang='lat' dir='ltr'>sed</span> <span class='ocrx_word' id='word_1_61' title='bbox 653 1229 863 1293; x_wconf 87' lang='lat' dir='ltr'>solummodo</span> <span class='ocrx_word' id='word_1_62' title='bbox 875 1228 1043 1291; x_wconf 86' lang='lat' dir='ltr'>lituorum</span> <span class='ocrx_word' id='word_1_63' title='bbox 1052 1239 1260 1308; x_wconf 74' lang='lat' dir='ltr'>aggregatum</span> 
     </span>
     <span class='ocr_line' id='line_1_11' title="bbox 171 1327 1036 1392; baseline 0.005 -5"><span class='ocrx_word' id='word_1_64' title='bbox 171 1327 385 1392; x_wconf 88' lang='lat' dir='ltr'>accidentale.</span> <span class='ocrx_word' id='word_1_65' title='bbox 451 1362 478 1380; x_wconf 76' lang='grc'>-.</span> <span class='ocrx_word' id='word_1_66' title='bbox 1034 1376 1036 1380; x_wconf 45' lang='grc'>,</span> 
     </span>
    </p>

    <p class='ocr_par' dir='ltr' id='par_1_7' title="bbox 171 1417 1261 1899">
     <span class='ocr_line' id='line_1_12' title="bbox 187 1417 1260 1512; baseline -0.002 -25"><span class='ocrx_word' id='word_1_67' title='bbox 187 1417 190 1421; x_wconf 68' lang='grc'><strong>’</strong></span> <span class='ocrx_word' id='word_1_68' title='bbox 212 1425 309 1505; x_wconf 88' lang='lat' dir='ltr'>Resp.</span> <span class='ocrx_word' id='word_1_69' title='bbox 335 1426 367 1486; x_wconf 81' lang='lat'>1⁰</span> <span class='ocrx_word' id='word_1_70' title='bbox 390 1444 483 1506; x_wconf 91' lang='lat' dir='ltr'>posse</span> <span class='ocrx_word' id='word_1_71' title='bbox 501 1434 606 1489; x_wconf 90' lang='lat' dir='ltr'>totum</span> <span class='ocrx_word' id='word_1_72' title='bbox 628 1425 778 1500; x_wconf 90' lang='lat' dir='ltr'>concedi,</span> <span class='ocrx_word' id='word_1_73' title='bbox 800 1425 881 1505; x_wconf 88' lang='lat' dir='ltr'>quin</span> <span class='ocrx_word' id='word_1_74' title='bbox 905 1425 1010 1512; x_wconf 82' lang='lat' dir='ltr'>ullum</span> <span class='ocrx_word' id='word_1_75' title='bbox 1025 1423 1260 1487; x_wconf 79' lang='lat' dir='ltr'>inconveniens</span> 
     </span>
     <span class='ocr_line' id='line_1_13' title="bbox 171 1522 1257 1603; baseline 0 -20"><span class='ocrx_word' id='word_1_76' title='bbox 171 1522 1257 1603; x_wconf 78' lang='lat' dir='ltr'>sequatur.Nonenimestinconveniensvulgaresquasdamideas,</span> 
     </span>
     <span class='ocr_line' id='line_1_14' title="bbox 171 1620 1260 1702; baseline 0.002 -21"><span class='ocrx_word' id='word_1_77' title='bbox 171 1621 258 1682; x_wconf 85' lang='lat' dir='ltr'>circa</span> <span class='ocrx_word' id='word_1_78' title='bbox 269 1638 305 1682; x_wconf 86' lang='lat' dir='ltr'>ea</span> <span class='ocrx_word' id='word_1_79' title='bbox 322 1639 395 1701; x_wconf 77' lang='lat' dir='ltr'>qun</span> <span class='ocrx_word' id='word_1_80' title='bbox 410 1622 619 1702; x_wconf 76' lang='lat' dir='ltr'>experientiae</span> <span class='ocrx_word' id='word_1_81' title='bbox 631 1638 697 1684; x_wconf 91' lang='lat' dir='ltr'>non</span> <span class='ocrx_word' id='word_1_82' title='bbox 713 1630 834 1702; x_wconf 90' lang='lat' dir='ltr'>patent,</span> <span class='ocrx_word' id='word_1_83' title='bbox 848 1638 865 1682; x_wconf 92' lang='lat' dir='ltr'>a</span> <span class='ocrx_word' id='word_1_84' title='bbox 877 1620 1015 1683; x_wconf 85' lang='lat' dir='ltr'>scientie</span> <span class='ocrx_word' id='word_1_85' title='bbox 1026 1620 1146 1701; x_wconf 77' lang='lat' dir='ltr'>corrigi</span> <span class='ocrx_word' id='word_1_86' title='bbox 1159 1638 1260 1700; x_wconf 91' lang='lat' dir='ltr'>opor·</span> 
     </span>
     <span class='ocr_line' id='line_1_15' title="bbox 171 1717 1261 1801; baseline 0.001 -21"><span class='ocrx_word' id='word_1_87' title='bbox 171 1728 251 1782; x_wconf 88' lang='lat' dir='ltr'>tere.</span> <span class='ocrx_word' id='word_1_88' title='bbox 284 1717 368 1791; x_wconf 83' lang='lat' dir='ltr'>Quid</span> <span class='ocrx_word' id='word_1_89' title='bbox 388 1737 464 1782; x_wconf 90' lang='lat' dir='ltr'>vero</span> <span class='ocrx_word' id='word_1_90' title='bbox 482 1732 673 1801; x_wconf 86' lang='lat' dir='ltr'>sequeretur</span> <span class='ocrx_word' id='word_1_91' title='bbox 693 1719 911 1794; x_wconf 84' lang='lat' dir='ltr'>incommodi,</span> <span class='ocrx_word' id='word_1_92' title='bbox 932 1719 960 1780; x_wconf 93' lang='lat' dir='ltr'>si</span> <span class='ocrx_word' id='word_1_93' title='bbox 984 1736 1122 1799; x_wconf 88' lang='lat' dir='ltr'>corpora</span> <span class='ocrx_word' id='word_1_94' title='bbox 1152 1726 1261 1781; x_wconf 85' lang='lat' dir='ltr'>essent</span> 
     </span>
     <span class='ocr_line' id='line_1_16' title="bbox 172 1817 621 1899; baseline 0.004 -20"><span class='ocrx_word' id='word_1_95' title='bbox 172 1817 373 1881; x_wconf 90' lang='lat' dir='ltr'>accidentale</span> <span class='ocrx_word' id='word_1_96' title='bbox 386 1829 592 1899; x_wconf 77' lang='lat' dir='ltr'>aggregatum</span> <span class='ocrx_word' id='word_1_97' title='bbox 608 1820 621 1881; x_wconf 83' lang='lat' dir='ltr'>l</span> 
     </span>
    </p>

    <p class='ocr_par' dir='ltr' id='par_1_8' title="bbox 171 1915 1261 2377">
     <span class='ocr_line' id='line_1_17' title="bbox 212 1915 1260 1999; baseline -0.001 -21"><span class='ocrx_word' id='word_1_98' title='bbox 212 1915 303 1996; x_wconf 82' lang='lat' dir='ltr'>Reap.</span> <span class='ocrx_word' id='word_1_99' title='bbox 316 1919 349 1981; x_wconf 73' lang='lat'>2⁰</span> <span class='ocrx_word' id='word_1_100' title='bbox 363 1918 439 1981; x_wconf 79' lang='lat' dir='ltr'>ilict.</span> <span class='ocrx_word' id='word_1_101' title='bbox 457 1916 532 1999; x_wconf 84' lang='lat' dir='ltr'>maj.</span> <span class='ocrx_word' id='word_1_102' title='bbox 553 1918 655 1999; x_wconf 83' lang='lat' dir='ltr'>quood</span> <span class='ocrx_word' id='word_1_103' title='bbox 680 1918 717 1980; x_wconf 81' lang='lat'>1¹¹¹</span> <span class='ocrx_word' id='word_1_104' title='bbox 730 1926 849 1998; x_wconf 78' lang='lat' dir='ltr'>partem</span> <span class='ocrx_word' id='word_1_105' title='bbox 865 1939 875 1978; x_wconf 89' lang='lat'>:</span> <span class='ocrx_word' id='word_1_106' title='bbox 891 1934 958 1979; x_wconf 94' lang='lat' dir='ltr'>non</span> <span class='ocrx_word' id='word_1_107' title='bbox 980 1915 1176 1997; x_wconf 88' lang='lat' dir='ltr'>producitur</span> <span class='ocrx_word' id='word_1_108' title='bbox 1192 1915 1260 1977; x_wconf 92' lang='lat' dir='ltr'>ulla</span> 
     </span>
     <span class='ocr_line' id='line_1_18' title="bbox 171 2013 1261 2095; baseline 0.001 -20"><span class='ocrx_word' id='word_1_109' title='bbox 171 2013 351 2076; x_wconf 84' lang='lat' dir='ltr'>substantia</span> <span class='ocrx_word' id='word_1_110' title='bbox 361 2032 442 2078; x_wconf 88' lang='lat' dir='ltr'>nova</span> <span class='ocrx_word' id='word_1_111' title='bbox 453 2015 659 2095; x_wconf 89' lang='lat' dir='ltr'>simpliciter,</span> <span class='ocrx_word' id='word_1_112' title='bbox 673 2033 759 2079; x_wconf 82' lang='lat' dir='ltr'>conc.</span> <span class='ocrx_word' id='word_1_113' title='bbox 774 2033 783 2091; x_wconf 89' lang='lat'>;</span> <span class='ocrx_word' id='word_1_114' title='bbox 797 2031 863 2077; x_wconf 91' lang='lat' dir='ltr'>nou</span> <span class='ocrx_word' id='word_1_115' title='bbox 873 2014 1067 2094; x_wconf 86' lang='lat' dir='ltr'>producitur</span> <span class='ocrx_word' id='word_1_116' title='bbox 1078 2013 1261 2076; x_wconf 88' lang='lat' dir='ltr'>substantia</span> 
     </span>
     <span class='ocr_line' id='line_1_19' title="bbox 171 2112 1260 2195; baseline 0.001 -22"><span class='ocrx_word' id='word_1_117' title='bbox 171 2129 253 2173; x_wconf 90' lang='lat' dir='ltr'>nova</span> <span class='ocrx_word' id='word_1_118' title='bbox 283 2113 463 2176; x_wconf 90' lang='lat' dir='ltr'>secundum</span> <span class='ocrx_word' id='word_1_119' title='bbox 485 2114 579 2195; x_wconf 88' lang='lat' dir='ltr'>qnid,</span> <span class='ocrx_word' id='word_1_120' title='bbox 598 2133 686 2195; x_wconf 76' lang='lat' dir='ltr'>cepo.</span> <span class='ocrx_word' id='word_1_121' title='bbox 710 2114 907 2178; x_wconf 89' lang='lat' dir='ltr'>Producitur</span> <span class='ocrx_word' id='word_1_122' title='bbox 928 2131 1046 2193; x_wconf 87' lang='lat' dir='ltr'>nempe</span> <span class='ocrx_word' id='word_1_123' title='bbox 1078 2112 1260 2175; x_wconf 88' lang='lat' dir='ltr'>substantia</span> 
     </span>
     <span class='ocr_line' id='line_1_20' title="bbox 172 2210 1257 2292; baseline 0.003 -23"><span class='ocrx_word' id='word_1_124' title='bbox 172 2210 354 2287; x_wconf 88' lang='lat' dir='ltr'>composita</span> <span class='ocrx_word' id='word_1_125' title='bbox 375 2229 411 2274; x_wconf 84' lang='lat' dir='ltr'>ex</span> <span class='ocrx_word' id='word_1_126' title='bbox 439 2211 513 2272; x_wconf 87' lang='lat' dir='ltr'>aliis</span> <span class='ocrx_word' id='word_1_127' title='bbox 532 2212 737 2287; x_wconf 86' lang='lat' dir='ltr'>substantiis,</span> <span class='ocrx_word' id='word_1_128' title='bbox 757 2212 914 2291; x_wconf 89' lang='lat' dir='ltr'>novisque</span> <span class='ocrx_word' id='word_1_129' title='bbox 935 2212 1193 2292; x_wconf 87' lang='lat' dir='ltr'>proprietatibus</span> <span class='ocrx_word' id='word_1_130' title='bbox 1220 2229 1257 2272; x_wconf 90' lang='lat' dir='ltr'>ac</span> 
     </span>
     <span class='ocr_line' id='line_1_21' title="bbox 172 2309 1080 2377; baseline 0.017 -12"><span class='ocrx_word' id='word_1_131' title='bbox 172 2309 297 2370; x_wconf 90' lang='lat' dir='ltr'>viribus</span> <span class='ocrx_word' id='word_1_132' title='bbox 313 2309 484 2374; x_wconf 86' lang='lat' dir='ltr'>instructa.</span> <span class='ocrx_word' id='word_1_133' title='bbox 800 2311 802 2314; x_wconf 64' lang='grc'>’</span> <span class='ocrx_word' id='word_1_134' title='bbox 866 2374 868 2377; x_wconf 79' lang='grc'>,</span> <span class='ocrx_word' id='word_1_135' title='bbox 1075 2358 1080 2369; x_wconf 66' lang='lat'>=</span> 
     </span>
    </p>

    <p class='ocr_par' dir='ltr' id='par_1_9' title="bbox 170 2407 1259 2882">
     <span class='ocr_line' id='line_1_22' title="bbox 215 2407 1259 2491; baseline 0.007 -24"><span class='ocrx_word' id='word_1_136' title='bbox 215 2407 293 2472; x_wconf 80' lang='lat' dir='ltr'>ilict.</span> <span class='ocrx_word' id='word_1_137' title='bbox 330 2407 370 2469; x_wconf 72' lang='lat'>2¹¹¹</span> <span class='ocrx_word' id='word_1_138' title='bbox 407 2419 536 2489; x_wconf 84' lang='lat' dir='ltr'>partem.</span> <span class='ocrx_word' id='word_1_139' title='bbox 571 2411 620 2474; x_wconf 86' lang='lat' dir='ltr'>Fit</span> <span class='ocrx_word' id='word_1_140' title='bbox 648 2428 768 2473; x_wconf 90' lang='lat' dir='ltr'>novum</span> <span class='ocrx_word' id='word_1_141' title='bbox 797 2419 1002 2491; x_wconf 77' lang='lat' dir='ltr'>aggregatum</span> <span class='ocrx_word' id='word_1_142' title='bbox 1033 2410 1259 2487; x_wconf 85' lang='lat' dir='ltr'>accidentale;</span> 
     </span>
     <span class='ocr_line' id='line_1_23' title="bbox 171 2506 1259 2588; baseline 0.005 -22"><span class='ocrx_word' id='word_1_143' title='bbox 171 2522 289 2584; x_wconf 85' lang='lat' dir='ltr'>nempe</span> <span class='ocrx_word' id='word_1_144' title='bbox 305 2513 465 2585; x_wconf 89' lang='lat' dir='ltr'>quatenus</span> <span class='ocrx_word' id='word_1_145' title='bbox 480 2506 668 2587; x_wconf 85' lang='lat' dir='ltr'>conjunctio</span> <span class='ocrx_word' id='word_1_146' title='bbox 682 2526 749 2571; x_wconf 89' lang='lat' dir='ltr'>nou</span> <span class='ocrx_word' id='word_1_147' title='bbox 761 2517 809 2570; x_wconf 90' lang='lat' dir='ltr'>est</span> <span class='ocrx_word' id='word_1_148' title='bbox 819 2508 1093 2588; x_wconf 87' lang='lat' dir='ltr'>componentibus</span> <span class='ocrx_word' id='word_1_149' title='bbox 1104 2510 1259 2571; x_wconf 90' lang='lat' dir='ltr'>essentia·</span> 
     </span>
     <span class='ocr_line' id='line_1_24' title="bbox 170 2603 1258 2688; baseline 0.005 -25"><span class='ocrx_word' id='word_1_150' title='bbox 170 2603 224 2677; x_wconf 91' lang='lat' dir='ltr'>lis,</span> <span class='ocrx_word' id='word_1_151' title='bbox 235 2622 339 2679; x_wconf 85' lang='lat' dir='ltr'>conc.‚·</span> <span class='ocrx_word' id='word_1_152' title='bbox 352 2614 512 2684; x_wconf 87' lang='lat' dir='ltr'>quatenus</span> <span class='ocrx_word' id='word_1_153' title='bbox 528 2607 715 2685; x_wconf 83' lang='lat' dir='ltr'>conjunctio</span> <span class='ocrx_word' id='word_1_154' title='bbox 731 2607 773 2668; x_wconf 89' lang='lat' dir='ltr'>sit</span> <span class='ocrx_word' id='word_1_155' title='bbox 784 2625 874 2670; x_wconf 86' lang='lat' dir='ltr'>mera</span> <span class='ocrx_word' id='word_1_156' title='bbox 886 2607 1099 2688; x_wconf 81' lang='lat' dir='ltr'>juxtapositio</span> <span class='ocrx_word' id='word_1_157' title='bbox 1112 2607 1258 2687; x_wconf 81' lang='lat' dir='ltr'>fortuita,</span> 
     </span>
     <span class='ocr_line' id='line_1_25' title="bbox 171 2704 1257 2784; baseline 0.006 -22"><span class='ocrx_word' id='word_1_158' title='bbox 171 2711 280 2764; x_wconf 89' lang='lat' dir='ltr'>etnon</span> <span class='ocrx_word' id='word_1_159' title='bbox 296 2704 500 2767; x_wconf 87' lang='lat' dir='ltr'>naturalibus</span> <span class='ocrx_word' id='word_1_160' title='bbox 516 2705 640 2768; x_wconf 89' lang='lat' dir='ltr'>viribus</span> <span class='ocrx_word' id='word_1_161' title='bbox 670 2707 793 2781; x_wconf 84' lang='lat' dir='ltr'>effecta,</span> <span class='ocrx_word' id='word_1_162' title='bbox 820 2715 875 2769; x_wconf 94' lang='lat' dir='ltr'>aut</span> <span class='ocrx_word' id='word_1_163' title='bbox 904 2725 992 2770; x_wconf 81' lang='lat' dir='ltr'>exse</span> <span class='ocrx_word' id='word_1_164' title='bbox 1023 2725 1090 2770; x_wconf 92' lang='lat' dir='ltr'>nou</span> <span class='ocrx_word' id='word_1_165' title='bbox 1116 2708 1257 2784; x_wconf 89' lang='lat' dir='ltr'>stabilis,</span> 
     </span>
     <span class='ocr_line' id='line_1_26' title="bbox 172 2818 260 2882; baseline 0.023 -21"><span class='ocrx_word' id='word_1_166' title='bbox 172 2818 260 2882; x_wconf 82' lang='lat' dir='ltr'>nepo.</span> 
     </span>
    </p>
   </div>
   <div class='ocr_carea' id='block_1_6' title="bbox 213 2899 1320 2988">
    <p class='ocr_par' dir='ltr' id='par_1_10' title="bbox 213 2899 1320 2988">
     <span class='ocr_line' id='line_1_27' title="bbox 213 2899 1320 2988; baseline 0.007 -28"><span class='ocrx_word' id='word_1_167' title='bbox 213 2899 291 2962; x_wconf 73' lang='lat' dir='ltr'>oter.</span> <span class='ocrx_word' id='word_1_168' title='bbox 317 2900 395 2961; x_wconf 85' lang='lat' dir='ltr'>min.</span> <span class='ocrx_word' id='word_1_169' title='bbox 418 2900 539 2964; x_wconf 87' lang='lat' dir='ltr'>Sensus</span> <span class='ocrx_word' id='word_1_170' title='bbox 569 2903 755 2964; x_wconf 88' lang='lat' dir='ltr'>communis</span> <span class='ocrx_word' id='word_1_171' title='bbox 774 2912 873 2977; x_wconf 90' lang='lat' dir='ltr'>tenet,</span> <span class='ocrx_word' id='word_1_172' title='bbox 897 2903 1115 2967; x_wconf 86' lang='lat' dir='ltr'>diversitatem</span> <span class='ocrx_word' id='word_1_173' title='bbox 1141 2914 1259 2988; x_wconf 86' lang='lat' dir='ltr'>corpo·</span> <span class='ocrx_word' id='word_1_174' title='bbox 1318 2936 1320 2941; x_wconf 95' lang='lat'>·</span> 
     </span>
    </p>
   </div>
   <div class='ocr_carea' id='block_1_7' title="bbox 101 2990 1261 4070">
    <p class='ocr_par' dir='ltr' id='par_1_11' title="bbox 168 2990 1258 3450">
     <span class='ocr_line' id='line_1_28' title="bbox 170 2990 1258 3090; baseline 0.008 -31"><span class='ocrx_word' id='word_1_175' title='bbox 170 3016 257 3072; x_wconf 92' lang='lat' dir='ltr'>rum,</span> <span class='ocrx_word' id='word_1_176' title='bbox 286 2999 535 3062; x_wconf 85' lang='lat' dir='ltr'>substantialem</span> <span class='ocrx_word' id='word_1_177' title='bbox 556 3019 638 3071; x_wconf 90' lang='lat' dir='ltr'>esse,</span> <span class='ocrx_word' id='word_1_178' title='bbox 662 2990 781 3082; x_wconf 88' lang='lat' dir='ltr'>nempe</span> <span class='ocrx_word' id='word_1_179' title='bbox 808 3003 851 3064; x_wconf 93' lang='lat' dir='ltr'>ita</span> <span class='ocrx_word' id='word_1_180' title='bbox 881 3011 917 3065; x_wconf 92' lang='lat' dir='ltr'>ut</span> <span class='ocrx_word' id='word_1_181' title='bbox 938 3004 1053 3090; x_wconf 74' lang='lat' dir='ltr'>vulgus</span> <span class='ocrx_word' id='word_1_182' title='bbox 1084 3004 1258 3068; x_wconf 90' lang='lat' dir='ltr'>hominum</span> 
     </span>
     <span class='ocr_line' id='line_1_29' title="bbox 170 3098 1257 3186; baseline 0.008 -30"><span class='ocrx_word' id='word_1_183' title='bbox 170 3098 390 3172; x_wconf 86' lang='lat' dir='ltr'>diversitatem</span> <span class='ocrx_word' id='word_1_184' title='bbox 399 3098 646 3161; x_wconf 84' lang='lat' dir='ltr'>substantialem</span> <span class='ocrx_word' id='word_1_185' title='bbox 655 3101 818 3181; x_wconf 86' lang='lat' dir='ltr'>concipiat</span> <span class='ocrx_word' id='word_1_186' title='bbox 828 3119 925 3165; x_wconf 90' lang='lat' dir='ltr'>sensu</span> <span class='ocrx_word' id='word_1_187' title='bbox 939 3103 1163 3183; x_wconf 88' lang='lat' dir='ltr'>peripatetico,</span> <span class='ocrx_word' id='word_1_188' title='bbox 1172 3122 1257 3186; x_wconf 68' lang='lat' dir='ltr'>nep,-</span> 
     </span>
     <span class='ocr_line' id='line_1_30' title="bbox 170 3195 1256 3284; baseline 0.01 -30"><span class='ocrx_word' id='word_1_189' title='bbox 170 3197 214 3255; x_wconf 90' lang='lat' dir='ltr'>ita</span> <span class='ocrx_word' id='word_1_190' title='bbox 235 3203 269 3257; x_wconf 93' lang='lat' dir='ltr'>ut</span> <span class='ocrx_word' id='word_1_191' title='bbox 291 3195 510 3259; x_wconf 86' lang='lat' dir='ltr'>diversitatem</span> <span class='ocrx_word' id='word_1_192' title='bbox 532 3198 779 3261; x_wconf 88' lang='lat' dir='ltr'>substantialem</span> <span class='ocrx_word' id='word_1_193' title='bbox 808 3200 943 3263; x_wconf 82' lang='lat' dir='ltr'>contuse</span> <span class='ocrx_word' id='word_1_194' title='bbox 968 3202 1144 3283; x_wconf 87' lang='lat' dir='ltr'>concipiat,</span> <span class='ocrx_word' id='word_1_195' title='bbox 1174 3207 1256 3284; x_wconf 89' lang='lat' dir='ltr'>quin</span> 
     </span>
     <span class='ocr_line' id='line_1_31' title="bbox 170 3292 1256 3379; baseline 0.011 -27"><span class='ocrx_word' id='word_1_196' title='bbox 170 3292 211 3354; x_wconf 90' lang='lat' dir='ltr'>de</span> <span class='ocrx_word' id='word_1_197' title='bbox 244 3293 361 3355; x_wconf 86' lang='lat' dir='ltr'>intima</span> <span class='ocrx_word' id='word_1_198' title='bbox 396 3312 573 3375; x_wconf 89' lang='lat' dir='ltr'>corporum</span> <span class='ocrx_word' id='word_1_199' title='bbox 610 3298 846 3361; x_wconf 89' lang='lat' dir='ltr'>constitutione</span> <span class='ocrx_word' id='word_1_200' title='bbox 880 3298 1052 3379; x_wconf 84' lang='lat' dir='ltr'>quidpiam</span> <span class='ocrx_word' id='word_1_201' title='bbox 1089 3301 1256 3379; x_wconf 88' lang='lat' dir='ltr'>decernat,</span> 
     </span>
     <span class='ocr_line' id='line_1_32' title="bbox 168 3406 253 3450; baseline 0.012 -1"><span class='ocrx_word' id='word_1_202' title='bbox 168 3406 253 3450; x_wconf 81' lang='lat' dir='ltr'>conc.</span> 
     </span>
    </p>

    <p class='ocr_par' dir='ltr' id='par_1_12' title="bbox 101 3488 1261 3968">
     <span class='ocr_line' id='line_1_33' title="bbox 101 3488 1258 3575; baseline 0.01 -26"><span class='ocrx_word' id='word_1_203' title='bbox 101 3503 107 3511; x_wconf 89' lang='lat'>·</span> <span class='ocrx_word' id='word_1_204' title='bbox 212 3488 622 3553; x_wconf 76' lang='lat' dir='ltr'>Diversitassubstantialis</span> <span class='ocrx_word' id='word_1_205' title='bbox 638 3511 737 3573; x_wconf 87' lang='lat' dir='ltr'>quam</span> <span class='ocrx_word' id='word_1_206' title='bbox 760 3510 820 3556; x_wconf 90' lang='lat' dir='ltr'>nos</span> <span class='ocrx_word' id='word_1_207' title='bbox 835 3493 1048 3571; x_wconf 87' lang='lat' dir='ltr'>adstruimus,</span> <span class='ocrx_word' id='word_1_208' title='bbox 1065 3497 1189 3575; x_wconf 89' lang='lat' dir='ltr'>optime</span> <span class='ocrx_word' id='word_1_209' title='bbox 1201 3516 1258 3561; x_wconf 88' lang='lat' dir='ltr'>co·</span> 
     </span>
     <span class='ocr_line' id='line_1_34' title="bbox 171 3587 1261 3674; baseline 0.011 -28"><span class='ocrx_word' id='word_1_210' title='bbox 171 3587 272 3648; x_wconf 85' lang='lat' dir='ltr'>baeret</span> <span class='ocrx_word' id='word_1_211' title='bbox 285 3604 360 3648; x_wconf 90' lang='lat' dir='ltr'>cum</span> <span class='ocrx_word' id='word_1_212' title='bbox 376 3589 608 3652; x_wconf 89' lang='lat' dir='ltr'>communibus</span> <span class='ocrx_word' id='word_1_213' title='bbox 625 3591 797 3654; x_wconf 89' lang='lat' dir='ltr'>hominum</span> <span class='ocrx_word' id='word_1_214' title='bbox 819 3592 1045 3671; x_wconf 88' lang='lat' dir='ltr'>opinionibus,</span> <span class='ocrx_word' id='word_1_215' title='bbox 1070 3595 1199 3674; x_wconf 81' lang='lat' dir='ltr'>quaeda</span> <span class='ocrx_word' id='word_1_216' title='bbox 1221 3614 1261 3658; x_wconf 90' lang='lat' dir='ltr'>ea</span> 
     </span>
     <span class='ocr_line' id='line_1_35' title="bbox 170 3683 1259 3774; baseline 0.013 -31"><span class='ocrx_word' id='word_1_217' title='bbox 170 3683 356 3746; x_wconf 90' lang='lat' dir='ltr'>diversitate</span> <span class='ocrx_word' id='word_1_218' title='bbox 369 3684 454 3747; x_wconf 87' lang='lat' dir='ltr'>nibil</span> <span class='ocrx_word' id='word_1_219' title='bbox 474 3689 646 3768; x_wconf 61' lang='lat' dir='ltr'>xpeculiare</span> <span class='ocrx_word' id='word_1_220' title='bbox 672 3689 865 3753; x_wconf 87' lang='lat' dir='ltr'>decernunt.</span> <span class='ocrx_word' id='word_1_221' title='bbox 896 3691 980 3754; x_wconf 88' lang='lat' dir='ltr'>Hinc</span> <span class='ocrx_word' id='word_1_222' title='bbox 995 3711 1097 3772; x_wconf 86' lang='lat' dir='ltr'>quum</span> <span class='ocrx_word' id='word_1_223' title='bbox 1118 3703 1259 3774; x_wconf 77' lang='lat' dir='ltr'>systema</span> 
     </span>
     <span class='ocr_line' id='line_1_36' title="bbox 170 3782 1261 3870; baseline 0.012 -28"><span class='ocrx_word' id='word_1_224' title='bbox 170 3782 350 3843; x_wconf 87' lang='lat' dir='ltr'>chimicum</span> <span class='ocrx_word' id='word_1_225' title='bbox 366 3783 559 3848; x_wconf 89' lang='lat' dir='ltr'>hominibus</span> <span class='ocrx_word' id='word_1_226' title='bbox 581 3788 791 3866; x_wconf 87' lang='lat' dir='ltr'>proponitur,</span> <span class='ocrx_word' id='word_1_227' title='bbox 817 3788 1013 3868; x_wconf 76' lang='lat' dir='ltr'>intelligitur</span> <span class='ocrx_word' id='word_1_228' title='bbox 1027 3800 1059 3852; x_wconf 91' lang='lat' dir='ltr'>et</span> <span class='ocrx_word' id='word_1_229' title='bbox 1082 3791 1187 3870; x_wconf 87' lang='lat' dir='ltr'>placet</span> <span class='ocrx_word' id='word_1_230' title='bbox 1203 3808 1212 3868; x_wconf 92' lang='grc'>;</span> <span class='ocrx_word' id='word_1_231' title='bbox 1226 3803 1261 3856; x_wconf 86' lang='lat' dir='ltr'>at</span> 
     </span>
     <span class='ocr_line' id='line_1_37' title="bbox 133 3881 976 3968; baseline 0.012 -26"><span class='ocrx_word' id='word_1_232' title='bbox 133 3888 144 3911; x_wconf 80' lang='lat'><strong>·</strong></span> <span class='ocrx_word' id='word_1_233' title='bbox 171 3889 330 3960; x_wconf 89' lang='lat' dir='ltr'>potestne</span> <span class='ocrx_word' id='word_1_234' title='bbox 346 3881 433 3944; x_wconf 91' lang='lat' dir='ltr'>idern</span> <span class='ocrx_word' id='word_1_235' title='bbox 446 3884 511 3947; x_wconf 91' lang='lat' dir='ltr'>dici</span> <span class='ocrx_word' id='word_1_236' title='bbox 529 3885 570 3948; x_wconf 90' lang='lat' dir='ltr'>de</span> <span class='ocrx_word' id='word_1_237' title='bbox 586 3887 736 3950; x_wconf 88' lang='lat' dir='ltr'>doctriua</span> <span class='ocrx_word' id='word_1_238' title='bbox 752 3889 976 3968; x_wconf 84' lang='lat' dir='ltr'>peripatetica.</span> 
     </span>
    </p>

    <p class='ocr_par' dir='ltr' id='par_1_13' title="bbox 211 3977 1257 4070">
     <span class='ocr_line' id='line_1_38' title="bbox 211 3977 1257 4070; baseline 0.014 -31"><span class='ocrx_word' id='word_1_239' title='bbox 211 3977 263 4042; x_wconf 87' lang='lat'>68.</span> <span class='ocrx_word' id='word_1_240' title='bbox 286 3979 335 4042; x_wconf 84' lang='lat' dir='ltr'>Ad</span> <span class='ocrx_word' id='word_1_241' title='bbox 352 3980 391 4041; x_wconf 82' lang='lat' dir='ltr'>lm</span> <span class='ocrx_word' id='word_1_242' title='bbox 406 3994 634 4063; x_wconf 77' lang='lat' dir='ltr'>argumentum</span> <span class='ocrx_word' id='word_1_243' title='bbox 652 4003 733 4066; x_wconf 81' lang='lat' dir='ltr'>resp.</span> <span class='ocrx_word' id='word_1_244' title='bbox 751 3987 893 4051; x_wconf 88' lang='lat' dir='ltr'>iterum:</span> <span class='ocrx_word' id='word_1_245' title='bbox 910 3989 1074 4051; x_wconf 84' lang='lat' dir='ltr'>concessis</span> <span class='ocrx_word' id='word_1_246' title='bbox 1087 3989 1257 4070; x_wconf 90' lang='lat' dir='ltr'>omnibus,</span> 
     </span>
    </p>
   </div>
   <div class='ocr_carea' id='block_1_8' title="bbox 1385 1944 1391 1980">
    <p class='ocr_par' dir='ltr' id='par_1_14' title="bbox 1385 1944 1391 1980">
     <span class='ocr_line' id='line_1_39' title="bbox 1385 1944 1391 1980; baseline 0 0"><span class='ocrx_word' id='word_1_247' title='bbox 1385 1944 1391 1980; x_wconf 85' lang='lat' dir='ltr'>i</span> 
     </span>
    </p>
   </div>
   <div class='ocr_carea' id='block_1_9' title="bbox 0 0 1400 4600">
    <p class='ocr_par' dir='ltr' id='par_1_15' title="bbox 0 0 1400 4600">
     <span class='ocr_line' id='line_1_40' title="bbox 0 0 1400 4600; baseline 0 1"><span class='ocrx_word' id='word_1_248' title='bbox 0 0 1400 4600; x_wconf 95' lang='lat' dir='ltr'> </span> 
     </span>
    </p>
   </div>
  </div>
 </body>
</html>
