2792 4600
423 354 429 363 '
461 376 548 420 ursan
570 374 688 435 antuus,
714 379 805 425 csrnr
828 381 871 426 nr.
920 410 923 416 .
1173 365 1213 426 43

121 511 163 554 ex
180 493 240 554 hac
254 492 444 572 cognitione
459 492 494 554 tit
510 501 544 553 ut
560 492 786 572 intelligibiles
801 514 910 557 rerum
925 499 1081 570 essentiae,
1099 507 1212 579 quate-

124 609 188 653 nus
204 591 323 653 divinae
339 591 539 673 cognitionis
565 591 697 653 termini
725 593 879 671 existunt,
896 596 1086 676 archetypas
1102 613 1212 658 rerum
1254 632 1257 637 -

124 689 215 751 ideas
230 690 440 752 constituant.

166 785 218 849 86.
235 787 437 850 Concursum.
464 788 500 848 lm
516 788 551 849 ln
569 786 711 849 absurda
727 787 899 868 hypothesi
917 789 973 851 [lei
990 808 1056 853 non
1073 791 1211 853 existen-

126 885 168 947 tis
191 885 277 947 nihil
302 897 386 948 esset
402 884 570 966 possibile,
591 886 668 966 qnia
699 888 783 950 nihil
801 887 1011 969 intelligibile
1026 895 1119 950 esset.
1149 888 1213 951 Sed

125 983 211 1074 nihil
228 1003 267 1046 ert
284 1002 377 1064 aequo
398 993 481 1047 esset
496 984 714 1065 impossibile.
738 985 818 1047 Nam
835 986 1050 1049 contradictio
1066 993 1114 1046 est
1127 983 1212 1045 inter

124 1098 184 1144 ens
199 1090 231 1143 et
246 1099 397 1145 non-ens.
416 1082 559 1146 Sublatis
574 1091 682 1145 autem
695 1085 850 1146 omnibus
864 1081 1141 1162 intelligibilibus
1155 1100 1213 1144 ens

124 1179 254 1243 nullum
271 1190 354 1243 esset
370 1181 590 1261 intelligibile,
608 1182 757 1264 adeoque
774 1200 914 1247 non-ens
932 1174 1061 1245 nullutn
1079 1181 1213 1243 haberet

122 1279 326 1359 oppositum.

166 1378 207 1440 2¹¹²
222 1375 335 1440 Onrnis
349 1379 533 1452 necessitas,
548 1379 798 1442 immutabilitas
813 1386 844 1441 et
856 1380 1030 1455 aeternitas,
1045 1397 1143 1460 quam
1159 1396 1211 1440 re·

107 1482 197 1537 ‘rum
225 1476 426 1556 possibilitas
444 1495 509 1557 prae
525 1496 558 1539 se
581 1478 688 1550 lecta
712 1479 914 1553 necessitate,
933 1478 1209 1550 immutabilitate,

123 1589 154 1636 et
170 1575 350 1636 aeternitate
364 1575 482 1637 divinae
498 1577 645 1637 essentiae
663 1586 845 1654 promanat.

38 1753 41 1759 ,
165 1675 206 1735 5¹⁰
220 1670 298 1736 Esse
327 1672 524 1750 objectivum
554 1667 776 1754 possibilium,
794 1674 821 1736 si
853 1675 920 1736 haec
944 1682 1132 1754 spectentur
1160 1690 1211 1733 re-

123 1778 237 1850 spectu
252 1770 386 1831 humani
401 1770 595 1845 intellectus,
608 1771 640 1832 in
656 1771 736 1851 ipsis
748 1771 845 1833 rebus
858 1772 1072 1839 existentibus
1085 1787 1212 1832 earum·

125 1886 190 1949 que
207 1869 461 1949 proprietatibus
482 1869 729 1933 fundamentum
751 1871 923 1931 immediate
942 1869 1040 1931 hahet
1056 1867 1129 1947 (ott.
1148 1868 1211 1929 Sed

126 1966 283 2046 quoniam
295 1984 346 2027 res
358 1984 472 2028 omnes
484 1985 521 2029 ex
533 1968 656 2047 quibus
669 1966 877 2047 possibilium
892 1968 1113 2047 cognitionem
1126 1966 1211 2027 acci·

126 2064 247 2146 pimus,
261 2074 335 2127 sunt
348 2064 495 2146 quaedam
510 2067 630 2128 divinae
642 2066 789 2127 essentiae
804 2066 1055 2128 assimilationes
1068 2065 1214 2139 etimita·

58 2232 61 2237 ,
121 2162 233 2241 Ιῑίοηεε
252 2163 313 2240 (85,
329 2165 374 2241 2⁰)
385 2183 396 2249 ;¹
413 2165 490 2225 hinc
511 2164 637 2225 mediate
663 2172 693 2225 et
708 2172 818 2224 remote
839 2181 908 2225 esse
924 2163 1121 2241 objectivum
1137 2180 1212 2242 pos·

125 2250 287 2337 sibilium,
305 2263 402 2326 etiam
419 2263 527 2344 quoad
544 2281 614 2337 nos,
634 2263 666 2325 in
684 2263 794 2326 divina
810 2265 949 2326 essentia
964 2262 1213 2326 tundamentum

126 2361 237 2423 habet

167 2463 209 2524 4¹¹¹
224 2460 339 2526 Noster
355 2461 551 2535 intellectus,
569 2478 670 2541 quum
688 2478 739 2521 res
755 2460 821 2521 sire
837 2459 1009 2522 existentes
1025 2460 1092 2521 siue
1110 2460 1213 2539 possi-

128 2558 210 2621 biles
227 2558 457 2639 apprehendit,
475 2559 563 2620 ideas
583 2558 640 2619 Dei
660 2559 851 2637 archetypas
871 2558 1128 2638 contemplatum
1146 2573 1213 2619 uon

127 2659 263 2738 quidem
280 2658 313 2719 in
326 2658 455 2738 seipsis,
469 2675 529 2719 uec
544 2675 602 2737 per
618 2656 739 2730 radios,
755 2663 789 2718 ut
802 2659 844 2718 ita
856 2655 976 2730 dicam,
990 2655 1144 2730 directos,
1157 2654 1214 2717 sed

128 2756 312 2837 perradios
341 2754 495 2831 retlexos;
528 2773 646 2835 nempe
673 2755 706 2815 in
734 2755 830 2817 rebus
859 2755 988 2829 creatis,
1005 2772 1077 2836 quae
1093 2748 1212 2816 summi

40 2844 44 2850 ’
128 2853 258 2933 opificis
274 2854 363 2915 ideas
379 2855 413 2915 in
429 2873 463 2915 se
479 2854 633 2926 referunt,
651 2862 809 2934 quantum
827 2872 944 2934 nempe
960 2855 1124 2933 exemplar
1139 2870 1214 2932 per-

129 2953 356 3030 fectissimum,
374 2972 411 3014 ex
443 2952 482 3014 iis
512 2970 584 3034 quae
607 2953 696 3034 juxta
724 2952 805 3015 illud
830 2953 1020 3027 factasunt,
1048 2960 1215 3032 utcunque

128 3050 282 3131 cognosci
300 3060 415 3131 potest.

465 3164 469 3171 ’
563 3200 727 3246 snrtoucus
750 3199 789 3245 vt.

576 3314 784 3396 Difficultutes.

174 3449 226 3512 87.
250 3446 310 3511 Ob.
336 3447 361 3510 l.
388 3447 431 3508 lle
461 3445 675 3526 possibilitate
704 3448 845 3526 cogitare
879 3464 1051 3527 possumus
1080 3448 1217 3510 omnino

132 3548 390 3630 praescindentes
404 3545 445 3607 ab
460 3546 599 3608 essentia
615 3555 646 3607 et
663 3545 830 3608 intellectu
845 3545 970 3609 divino.
986 3545 1071 3627 Ergo
1084 3547 1141 3608 illa
1153 3564 1218 3609 non

135 3647 255 3730 pendet
268 3648 308 3709 ab
324 3648 461 3711 essentia
478 3657 508 3709 et
524 3647 690 3708 intellectu
705 3646 828 3710 divino.

176 3746 274 3826 Resp.
293 3745 369 3808 Dirt.
387 3755 453 3809 unt.
482 3746 514 3807 Si
532 3746 571 3806 de
595 3744 810 3827 possibilitate
833 3744 1013 3823 cogitemus
1039 3750 1070 3805 et
1099 3746 1222 3806 nonde

135 3831 282 3930 ejusdem
292 3857 510 3919 naturarum.
523 3862 530 3920 ;
544 3848 569 3908 si
584 3844 682 3907 simul
695 3845 875 3923 cogitemus
887 3842 1080 3925 deeiusdem
1093 3851 1219 3922 natura,

134 3968 223 4030 nepo.
240 3947 373 4010 Etiamsi
391 3948 457 4010 duo
472 3947 539 4008 sint
554 3942 736 4006 arctissime
752 3961 909 4018 connexa,
925 3960 1097 4023 possumus
1113 3950 1221 4005 tamen

136 4047 253 4110 deuno
268 4046 416 4109 absolute
428 4045 582 4127 cogitare,
592 4044 673 4124 quin
687 4041 728 4106 de
744 4043 844 4106 altero
859 4041 1057 4123 cogitemus;
1073 4049 1109 4104 ut
1120 4058 1222 4123 quum
