2792 4600
404 312 490 358 nrnnn
511 312 645 370 rnnrrus,
668 312 760 376 aaron
782 314 815 359 11.
1101 294 1160 358 377

78 428 110 490 in
126 428 246 492 ordine
257 427 486 509 possibilitatis
502 429 645 493 nihilum
657 430 711 507 sit,
729 431 820 495 nulla
833 439 880 494 est
892 429 1037 494 extensio
1049 427 1159 503 realis,

16 575 17 600 ,
74 544 159 590 cono.
168 550 181 604 ;
198 526 309 604 nihili,
327 528 416 610 quod
441 527 474 591 in
490 529 608 592 ordine
623 529 851 611 possibilitatis
866 529 1010 593 nihilum
1024 545 1090 592 non
1106 526 1160 601 εἰ),

16 655 17 712 3
76 624 167 689 nulla
183 633 231 687 est
245 626 391 690 extensio
407 626 513 698 realis,
529 628 635 701 suld.‚·
649 628 676 690 si
691 628 837 702 termini,
854 628 976 709 quibus
992 626 1157 701 definitur,

16 717 17 752 ³
75 723 140 785 sint
162 724 276 798 reales,
300 742 390 805 nep.‚·
413 725 439 786 si
465 726 597 787 termini
622 745 687 788 non
711 726 777 789 sint
799 725 914 801 reales,
935 739 1021 789 eone.
1038 724 1160 790 Umbra

74 841 207 903 quoqne
235 822 321 885 nihil
350 825 480 905 positivi
513 835 573 889 est.
595 827 717 891 Tamen
740 827 834 889 lineae
856 844 929 907 quae
951 810 1159 906 superficiem

74 922 294 987 illuminatam
321 924 496 999 deliniunt,
514 924 639 990 iaciunt
660 936 696 989 ut
712 926 828 1002 umbra
843 926 1067 989 extensionem
1088 941 1159 986 ren-

16 1009 17 1018 ’
73 1020 138 1083 lem
154 1022 281 1086 habeat.

110 1120 161 1185 Aa
175 1123 217 1186 1ιι
231 1121 309 1187 ont.
322 1121 359 1185 ln
372 1130 456 1186 statu
469 1123 710 1204 possibilitatis.
723 1143 810 1206 περ,
823 1124 857 1207 in
870 1131 954 1188 statu
966 1121 1156 1195 existentiae,

69 1220 157 1283 sold.
168 1245 180 1298 ‚·
193 1239 260 1284 non
273 1231 321 1285 est
332 1223 525 1297 substantia,
543 1220 729 1305 pariterque
741 1234 865 1288 nonest
874 1222 1027 1284 accidens
1039 1219 1159 1283 intrin-

69 1338 195 1394 secum,
207 1340 311 1395 enom
323 1338 390 1385 non
402 1322 837 1385 esteceideusextrinseoum
849 1320 897 1400 (0.
913 1321 984 1398 171,
998 1321 1053 1398 2⁰),
1066 1337 1156 1400 nepo.

70 1416 127 1482 Est
155 1436 272 1499 nempe
292 1432 378 1496 antu,
401 1429 431 1482 et
447 1420 580 1483 realiter
601 1421 719 1484 relatio
734 1420 883 1501 quadam
899 1417 1111 1482 accidentalis
1126 1427 1159 1479 et

69 1519 251 1582 extrinsera
267 1519 353 1581 inter
367 1520 557 1599 superficies
574 1539 646 1601 quae
663 1521 821 1584 distantes
836 1520 1002 1585 dicuntur.
1018 1518 1056 1592 ln
1071 1526 1156 1581 statu

68 1635 146 1681 vero
170 1618 404 1698 possibilitatis⁴
426 1628 475 1682 est
498 1619 680 1682 substantia
707 1628 836 1683 extensa
863 1618 1044 1701 possibilis,
1065 1619 1157 1697 cujus

69 1716 193 1779 limites
209 1716 325 1779 iisdem
342 1717 488 1782 realibus
504 1712 746 1799 superficiebus
761 1719 1032 1783 determinantur.

107 1815 185 1881 579.
208 1815 305 1880 Forte
320 1818 410 1880 dices
425 1836 433 1882 ε
451 1818 478 1880 si
495 1819 579 1882 inter
590 1819 723 1881 aetheris
738 1830 863 1882 atomos
875 1834 1013 1882 vanuum
1026 1815 1158 1894 interje-

69 1927 159 1979 ctum
175 1924 234 1991 est,
252 1916 421 1997 quomodo
435 1916 499 1979 illae
515 1916 550 1980 in
565 1935 599 1978 se
615 1917 753 1979 invicem
770 1917 886 1996 agunti
901 1914 1054 1996 Operatio
1067 1911 1156 1975 anim

70 2013 102 2075 in
132 2014 258 2077 distans
280 2025 450 2096 repugnat.
475 2015 661 2094 Responsio
678 2015 818 2096 petenda
833 2034 871 2078 ex
886 2013 983 2078 dietis
998 2011 1082 2092 (198,
1098 2010 1155 2090 5⁰).

70 2113 180 2177 Atomi
197 2113 327 2177 aetheris
344 2114 378 2177 in
391 2133 426 2177 se
440 2114 577 2177 invicem
595 2132 660 2177 non
676 2123 786 2194 agunt,
803 2113 868 2178 nisi
884 2113 1002 2195 aliquoe
1014 2131 1051 2176 ex
1065 2111 1107 2174 iis
1122 2111 1157 2173 in

70 2220 163 2276 motu
179 2213 294 2295 positae
309 2212 349 2276 ad
365 2214 446 2276 alias
461 2212 630 2290 accedant,
648 2231 768 2294 easque
788 2212 969 2294 impellant.

514 2379 646 2444 CAPUT
668 2380 710 2443 ll.

516 2527 552 2570 Μ
571 2526 710 2569 TEMPORE.

505 2668 671 2715 rnrronrns
692 2668 715 2713 1.

440 2766 484 2830 De
499 2767 641 2848 temporis
653 2766 788 2829 notione.

107 2888 184 2954 580.
212 2909 227 2946 ι
252 2884 337 2958 Quid
353 2893 403 2948 est
417 2886 567 2966 tempus?
582 2884 615 2948 Si
632 2900 731 2946 nemo
751 2900 789 2945 ex
804 2899 857 2945 me
871 2888 1005 2963 querat,
1023 2877 1111 2954 srio;
1127 2877 1154 2940 si

70 3011 86 3048 ι
109 2987 272 3069 quaerenti
288 2983 450 3065 explicare
465 2981 574 3058 velim,
587 2981 712 3044 nescio.
738 3002 752 3039 a
777 2982 823 3044 lta
839 2979 993 3060 praeclare
1005 2996 1031 3041 s.
1045 2977 1154 3056 Augu·

68 3087 175 3151 stinus
193 3085 241 3164 (r)
259 3087 379 3150 Revera
405 3100 503 3146 nemo
525 3091 574 3144 est
597 3081 653 3162 qui
676 3082 797 3144 claram
812 3077 969 3159 temporis
985 3076 1153 3140 notionem

18 3196 19 3245 i
68 3202 137 3248 non
166 3182 303 3260 lrabeat;
326 3189 375 3244 ast
396 3181 493 3262 huJus
520 3180 666 3244 notionis
688 3176 829 3279 analysis
851 3175 997 3239 omnium
1021 3175 1155 3238 sortasse
1236 3180 1240 3187 '

69 3281 267 3346 difficillima
296 3291 354 3344 est
387 3280 552 3344 Conemur
580 3290 701 3351 tamen,
713 3275 915 3356 sapientam
940 3273 1075 3354 vestigia
1103 3294 1153 3336 se-

68 3393 220 3463 quentes.

18 3470 19 3515 ³
110 3486 144 3547 1ο
165 3480 410 3562 Perpendemus
440 3479 546 3540 ideam
570 3476 729 3557 temporis
748 3493 821 3555 quae
837 3473 870 3535 in
888 3473 1030 3536 humana
1045 3483 1154 3534 mente

18 3578 19 3625 ἓ
67 3582 179 3660 riget:
202 3580 236 3642 2⁰
257 3577 337 3657 quid
354 3577 397 3639 sit
412 3577 446 3638 in
460 3595 494 3638 se
509 3585 639 3656 tempus
650 3572 862 3647 censendum,
880 3578 1070 3633 statuemus.

18 3730 19 3735 η
109 3678 183 3757 581.
207 3677 379 3757 Temporis
402 3676 494 3739 notio
515 3675 577 3737 tria
592 3675 752 3736 elementa
767 3671 913 3734 eontinet
930 3669 1152 3750 :preteritum

18 3760 19 3845 i
65 3796 211 3860 presens,
242 3776 407 3855 [uturum
437 3793 509 3856 quae
538 3775 582 3836 ita
604 3791 639 3835 se
660 3780 775 3835 mutuo
797 3768 975 3849 excipiunt,
1000 3778 1034 3831 ut
1056 3786 1154 3845 omne

67 3885 273 3941 momentum
290 3876 431 3939 afuturo
449 3875 503 3938 liat
521 3891 676 3956 praesens,
693 3882 724 3934 et
740 3889 757 3932 a
773 3868 922 3951 prasenti
939 3860 1152 3948 praeteritum.

95 4022 132 4077 (1)
146 4019 310 4087 Conserulil,
322 4020 359 4065 tl.
