2792 4600
334 363 359 404 ιι
408 355 494 399 tinen
516 355 649 412 neurim,
673 356 765 401 carui·
789 357 835 403 ιιι.
1115 337 1175 400 183

95 459 210 530 babere
231 467 366 546 quidam
382 469 507 549 opinati
529 479 615 548 sunt,
635 469 668 531 in
691 471 776 532 banc
798 469 929 533 adducti
946 469 1141 533 sententiam
1156 486 1186 533 a.

94 566 234 648 quodam
249 567 434 631 Aristotelis
450 569 523 631 loco
536 572 572 647 (t)
590 588 599 646 ;
616 570 650 631 in
667 589 734 651 quo
752 571 805 632 bic
820 570 928 647 docet,
944 572 1082 653 reperiri
1100 569 1174 652 qui·

93 667 164 727 dem
180 667 212 727 in
228 665 389 746 ejusmodi
403 668 667 730 contradictoriis
682 669 849 731 veritatem
861 678 893 731 et
908 669 1093 743 falsitatem,
1107 686 1173 731 non

92 774 197 826 tamen
215 765 269 836 ιιι,
284 772 320 827 ut
331 782 463 827 necesse
475 767 517 827 sit
529 767 667 829 alterurn
679 766 896 829 determinate
908 784 1021 829 verum
1033 786 1113 840 esse,
1127 766 1173 830 al·

91 874 195 926 terum
208 862 422 925 determinate
435 864 552 926 lalsutn
564 883 572 936 ;
582 865 638 927 sed
647 874 773 927 tantum
785 882 917 926 necesse
928 883 998 926 esse
1011 874 1045 926 ut
1058 866 1176 926 alteru·

91 972 175 1023 trum
189 962 231 1022 sit
246 962 497 1030 indeterminate
509 981 633 1037 verum,
647 964 841 1026 alterutrum
856 963 1107 1025 indeterminate
1119 960 1174 1025 lal-

91 1078 160 1123 sum
172 1079 181 1136 ;
195 1078 311 1139 nempe
323 1059 448 1122 adeum
461 1062 596 1123 modum
606 1081 671 1144 quo
684 1062 875 1141 disiunctim
885 1060 1173 1123 dicimusalterum

90 1158 614 1242 oculorumessenecessariumad
631 1159 820 1235 videndum,
830 1167 884 1224 aut
896 1159 1030 1220 alteram
1043 1159 1172 1220 aurium

91 1255 129 1317 ad
142 1257 343 1318 audiendum
361 1258 407 1332 tt.
421 1258 471 1332 83,
488 1259 521 1320 5⁰
535 1257 592 1335 4⁰).

128 1354 202 1418 576.
221 1355 380 1434 Equidem
395 1356 484 1416 litem
499 1374 564 1418 non
579 1374 683 1417 seram
697 1375 802 1436 neque
816 1356 855 1418 de
869 1355 1052 1418 Aristotelis
1065 1363 1173 1417 monte

90 1470 196 1532 neque
218 1452 257 1514 de
276 1452 309 1516 S.
331 1453 464 1516 Thomas
484 1456 654 1529 sententia,
678 1473 751 1535 quae
767 1454 950 1533 cujusmodi
973 1454 1082 1527 luerit,
1106 1472 1171 1516 non

88 1551 169 1612 adeo
186 1561 312 1613 certum
329 1561 385 1626 est,
404 1565 439 1614 ut
456 1562 587 1632 putatur
601 1571 609 1629 ;
628 1553 690 1616 boc
706 1564 814 1614 tamen
831 1560 977 1623 notatum
993 1552 1089 1614 volo:
1108 1551 1140 1614 l⁰
1155 1569 1173 1613 a

90 1650 220 1712 nemine
237 1651 271 1711 in
297 1650 436 1714 dubium
457 1660 605 1714 vocatum
622 1651 662 1712 iri
685 1652 858 1713 adductam
875 1649 1069 1712 sententiam
1085 1649 1111 1711 si
1130 1650 1173 1710 ita

90 1748 289 1827 explicetur:
322 1747 360 1810 eir
386 1750 648 1811 contradictoriis
671 1749 712 1811 de
739 1749 849 1812 futuro
879 1748 1082 1828 contingenti
1108 1766 1172 1809 aon

90 1849 255 1908 aecetmrt'o
277 1848 415 1909 alterum
442 1866 511 1908 esse
534 1847 747 1909 determinate
769 1864 894 1920 verum,
920 1864 983 1908 nort
1004 1848 1172 1908 numerario

91 1945 227 2007 alterum
245 1945 383 2024 lalsum;
402 1946 450 2007 sic
465 1947 566 2021 enirn,
584 1964 656 2025 quae
668 1956 717 2007 est
731 1945 915 2008 Aristotelis
932 1945 1026 2020 ratio,
1040 1943 1172 2007 tollere·

91 2056 140 2106 tur
154 2044 266 2106 omnis
281 2045 504 2124 contingentia
518 2062 527 2120 ;
545 2047 600 2105 sed
624 2047 686 2107 boc
702 2062 804 2107 unum
827 2045 1046 2105 necessarlum
1068 2060 1171 2105 essea

89 2144 188 2225 priori
208 2153 240 2207 et
251 2155 325 2207 aute
341 2129 549 2218 eventum‚ut
564 2145 756 2205 alterutrum
769 2160 899 2217 verum,
909 2142 1101 2204 alterutrum
1115 2142 1171 2204 lal-

90 2262 158 2305 ιιιιιι
171 2244 232 2307 sit:
247 2242 280 2305 2⁰
292 2242 385 2306 laoile
398 2260 530 2324 quoque
542 2259 656 2305 omnes
668 2257 893 2316 concessuros,
910 2257 976 2303 non
989 2257 1084 2322 posse
1096 2256 1170 2302 curn

65 2391 75 2402 .
89 2342 285 2404 certitudine
300 2360 318 2402 a
333 2341 429 2403 nobis
443 2353 517 2402 aute
529 2348 678 2401 eventum
691 2338 857 2419 cognosci,
871 2347 978 2401 utrum
992 2357 1030 2400 ex
1042 2348 1171 2400 contra·

25 2456 26 2507 ζ
88 2440 236 2502 dictoriis
252 2438 465 2501 determinate
480 2455 592 2500 vorum
608 2439 662 2511 sit,
681 2448 790 2499 utrum
807 2436 937 2498 lalsum.
987 2456 993 2468 ·

125 2540 165 2603 tt
180 2538 207 2600 si
225 2539 267 2600 de
289 2536 485 2599 onuiuiabill
503 2537 537 2598 ιιι
553 2554 598 2609 se,
617 2536 813 2616 exclusaque
833 2534 1043 2597 antecedente
1059 2551 1171 2615 ιιιοιε-Ι

88 2640 190 2712 ιιιιιι,
210 2637 390 2716 disputatio
407 2635 472 2711 frat,
489 2635 604 2716 opinio
618 2636 686 2696 baec
700 2646 733 2696 ut
747 2634 826 2696 lalsa
840 2632 1016 2709 rejicienda
1030 2632 1168 2694 videtur.

25 2758 26 2815 ᾗ
86 2735 246 2815 Sitergo:

124 2833 198 2895 577.
226 2816 415 2895 Prorosnro.
444 2829 661 2893 enuntiabilia
688 2830 724 2891 de
749 2828 857 2909 futuro
881 2829 1073 2908 continuante
1096 2838 1172 2891 suut

86 2934 282 2995 determinate
295 2951 367 2993 uera
381 2931 427 2992 vel
441 2929 534 3010 satta.

124 3030 207 3094 Noto
221 3032 254 3093 l⁰
270 3027 472 3090 enuntiabile
491 3045 561 3088 esse
577 3027 681 3106 ipsam
694 3025 955 3106 complexionem
971 3044 1008 3086 er
1024 3024 1170 3104 subjecto

87 3140 116 3191 et
131 3130 331 3212 praedicato:
348 3137 426 3188 tuuc
436 3137 544 3188 autern
560 3124 703 3187 obtineri
717 3124 883 3185 veritatem
899 3141 1001 3203 quum
1015 3123 1171 3204 praedica·

87 3240 151 3290 turn
168 3237 218 3290 est
233 3227 308 3289 idea
322 3225 468 3306 subjecto
489 3222 672 3287 conformis
694 3223 741 3300 (t.
765 3222 837 3299 574)
853 3239 861 3298 ;
879 3219 922 3283 ιιι
943 3223 1048 3302 utqui
1065 3222 1168 3286 dicit:

87 3325 289 3390 enuntiabile
310 3325 336 3385 A
351 3333 398 3385 est
417 3340 541 3396 verum,
560 3323 622 3384 boc
642 3338 752 3382 revera
767 3319 876 3384 dicat:
894 3322 955 3381 luc
974 3321 1043 3381 ideo
1058 3322 1099 3381 ud
1114 3322 1171 3383 troc

25 3428 26 3497 1
79 3426 251 3506 sabbatum
266 3424 364 3485 actutu
377 3433 420 3485 eet
434 3423 482 3484 illi
497 3421 675 3500 conformis,
1124 3466 1128 3471 .

25 3506 26 3561 3
124 3527 157 3588 2⁰
171 3524 335 3608 Quoniam
355 3524 470 3583 relatio
495 3519 594 3582 loturi
612 3519 661 3582 vel
683 3517 838 3598 praeteriti
854 3517 1013 3598 temporis
1033 3519 1073 3580 ad
1090 3536 1171 3599 prae·

88 3624 229 3685 dicatum
242 3620 382 3700 pertinet
393 3620 439 3694 (L.
454 3616 536 3696 149),
550 3618 584 3678 ln
598 3619 657 3677 bac
670 3616 909 3696 propositione:
923 3615 1168 3691 Potamonem,

25 3788 26 3795 χ
88 3720 297 3801 predicatum
311 3719 372 3778 rite
386 3718 551 3779 evolutum
564 3727 611 3778 est
627 3713 789 3794 ejusmodi
804 3730 812 3776 :
826 3731 969 3775 cuonem
979 3717 1112 3777 tmtuatt'
1126 3716 1168 3790 X,

85 3820 163 3900 quod
181 3818 303 3879 iactum
322 3818 526 3894 estfacturum
553 3824 686 3893 respecta
705 3813 934 3894 affirmationis,
961 3830 1027 3892 otte
1046 3812 1171 3891 fictio·

87 3919 182 3979 uenti
205 3914 242 3977 Ρ.

25 4020 26 4033 ’
113 4030 139 4087 (lt
150 4029 169 4076 1.
180 4028 343 4076 Peribermeu.
354 4039 374 4072 c.
389 4026 450 4073 vill.
