2792 4600
189 334 232 423 {i
515 359 519 367 '
549 352 573 362 ''
657 374 829 429 duroman.
856 444 858 447 Ι

234 509 312 572 Ἣ.
336 509 442 584 Quum
467 527 544 573 vero
570 508 715 570 nihilum
745 509 955 584 affirmamus,
982 518 1037 572 aut
1067 511 1212 573 nihilum
1239 511 1281 574 de

189 606 302 685 seipso
331 605 548 679 affirmamus,
578 617 634 669 aut
669 608 795 686 aliquid
822 607 863 669 de
893 607 1018 680 nihilo,
1050 616 1105 669 aut
1137 608 1280 671 nihilum

190 707 235 765 de
264 705 389 784 aliquo,
406 716 459 767 aut
485 704 629 785 denique
655 722 787 766 omnem
804 704 951 767 absolute
982 706 1162 768 realitatetn
1184 724 1281 787 nega·

192 819 279 864 mus
425 872 427 879 ,

236 901 272 962 ln
293 903 491 982 primocasu
516 900 659 962 nihilum
684 918 750 963 non
771 899 970 962 affirmamus
986 901 1132 981 proprie,
1148 901 1205 963 sed
1228 920 1281 965 so·

192 1000 264 1062 lum
280 1000 434 1075 uicimus,
448 1001 670 1061 exclusionem
682 1001 767 1060 entis
779 1017 838 1060 ens
850 1017 915 1061 uon
929 1017 1011 1074 esse,
1022 1017 1098 1080 *quae
1109 1000 1282 1064 affirmatio

194 1099 325 1172 recidit,
350 1109 385 1160 ut
406 1116 444 1160 ea
467 1097 614 1160 dicendis
644 1097 778 1178 patebit,
798 1098 831 1158 in
857 1097 1128 1160 contradictionis
1158 1099 1282 1179 princi·
1346 1089 1349 1093 ’

194 1196 301 1278 pium.

236 1295 272 1358 ln
288 1294 433 1357 secundo
447 1301 478 1354 et
505 1293 601 1355 tertio
618 1311 692 1354 casu
717 1293 849 1354 evidens
865 1301 913 1353 est
927 1291 1152 1357 affirmationis
1166 1294 1282 1358 absur-

163 1452 167 1453 γ
193 1395 289 1466 ditas,
319 1394 382 1453 nisi
411 1391 507 1452 nlulli
536 1400 713 1470 conceptus
736 1389 847 1469 aliquo
877 1391 977 1452 modo
1007 1391 1178 1455 limitetur.
1196 1390 1282 1465 Quo·

193 1494 294 1554 modo
306 1492 393 1553 enim
411 1489 537 1570 aliquid
556 1500 587 1550 et
601 1489 743 1557 nihilum
759 1489 946 1551 absolutum
962 1488 1105 1553 identica
1120 1509 1190 1554 essc
1205 1507 1281 1571 pos·

192 1590 283 1649 sinti
918 1630 922 1636 -

239 1687 410 1750 limitatur
425 1698 532 1748 autem
555 1685 653 1757 nihili
671 1695 849 1766 conceptus
874 1684 924 1745 vel
940 1685 1104 1765 explicite,
1123 1697 1157 1749 ut
1179 1706 1281 1768 quum

194 1788 339 1848 dicimus
354 1805 360 1848 :
377 1785 459 1847 niltil
470 1796 511 1847 est
523 1788 559 1845 in
573 1802 688 1858 vocum
702 1783 751 1844 vel
768 1783 940 1862 implicite,
954 1792 990 1844 ut
1002 1802 1104 1864 quum
1117 1785 1258 1848 dicimus
1272 1804 1279 1849 :

192 1903 249 1965 eyn
264 1893 428 1965 antequam
452 1902 542 1944 ccccm
557 1901 640 1943 crum
664 1883 756 1952 citit,
776 1898 893 1959 nempe
914 1881 999 1942 nihil
1023 1884 1056 1942 in
1082 1884 1200 1947 ordine
1214 1886 1282 1946 exi·

194 1985 333 2056 sterilia,
352 2000 417 2043 non
435 2001 510 2043 vero
526 1982 560 2042 in
577 1981 694 2043 ordine
715 1980 955 2059 possibilitatis,
971 1980 1021 2041 vel
1036 1997 1043 2043 :
1059 1981 1192 2043 circulor
1204 2001 1283 2062 quc-

192 2085 301 2143 drotus
313 2090 353 2143 ert
365 2082 456 2153 nihil,
474 2099 603 2160 neuma,
621 2090 669 2140 est
685 2080 833 2140 idearum
845 2076 1059 2153 combinatio,
1073 2097 1145 2161 quae
1158 2080 1283 2144 nullam

193 2183 375 2243 realitatem
392 2179 607 2260 compositam
624 2177 768 2239 exhibet.
1122 2188 1125 2197 ·

237 2279 392 2367 intortio
423 2279 555 2341 demum
579 2264 668 2354 casu,
688 2278 756 2339 haec
784 2276 979 2342 affirmatio:
997 2278 1078 2341 citit
1103 2287 1157 2353 cat,
1173 2290 1283 2360 aperte

194 2380 490 2442 contradictionem
504 2377 652 2457 implicat
666 2376 712 2447 tl„
728 2374 813 2454 428).
831 2375 1019 2457 Propositio
1031 2395 1186 2459 quoque:
1202 2379 1285 2441 nillil

193 2480 363 2560 aliquando
387 2477 460 2558 fuit,
484 2477 627 2538 absurda
648 2485 706 2548 est,
730 2477 807 2555 quia
836 2476 862 2536 si
892 2476 1069 2557 aliquando
1096 2477 1284 2548 nillil-duis·

193 2590 255 2651 set,
270 2580 365 2638 etiam
383 2591 471 2637 nunc
486 2575 572 2636 ninit
589 2585 670 2635 esset
686 2593 693 2635 :
711 2574 788 2653 quia
805 2591 844 2634 ex
861 2574 967 2637 nihilo
983 2574 1080 2638 nihil.
1098 2577 1283 2657 propositio

191 2676 341 2765 denique
358 2674 427 2736 haec
444 2692 452 2737 :
469 2672 551 2735 ollii
565 2673 735 2753 aliquando
749 2673 817 2746 erit,
834 2672 975 2734 absurda
991 2683 1040 2736 est
1054 2682 1086 2736 et
1100 2673 1189 2754 ipsa;
1205 2675 1283 2755 quia

193 2775 333 2835 interea
350 2789 422 2852 quae
444 2783 520 2833 suut
535 2779 586 2856 est
606 2788 663 2832 ens
679 2768 911 2844 necessarium,
929 2770 1018 2850 quod
1043 2787 1211 2853 uunquam
1226 2789 1284 2853 po-

192 2881 257 2934 test
273 2888 338 2932 non
355 2888 438 2932 esse.

237 2968 289 3032 23.
307 2967 351 3030 Ex
370 2969 442 3028 idea
466 2966 648 3047 negationis
669 2966 802 3028 relatiua
817 2965 891 3044 (19),
909 2985 983 3030 cum
1011 2966 1085 3031 idea
1104 2970 1189 3031 entis
1202 2987 1283 3033 con-

188 3072 316 3149 juncta,
338 3068 597 3140 fundamentales
617 3067 682 3129 illae
699 3068 851 3129 oriuntur
875 3068 1085 3142 memineritis,
1099 3071 1292 3149 pmcotiooir'

191 3187 253 3232 seu
264 3170 403 3248 defectui,
420 3166 640 3240 dictinctionis,
657 3169 930 3242 determinationis,
947 3167 1085 3248 aliaeque
1104 3169 1283 3251 dequibus

121 3287 128 3308 ³
194 3278 325 3351 postem
353 3276 385 3329 et
410 3268 517 3347 ipsum
547 3265 819 3338 contradictionis
844 3264 1057 3346 principium.
1075 3266 1179 3330 Porro
1199 3269 1284 3330 imas

192 3377 245 3431 est
260 3365 389 3447 negatio
405 3365 562 3427 realitatis
576 3366 745 3426 ulterioris
759 3382 791 3424 tn
804 3375 877 3425 ente
891 3381 899 3427 :
915 3366 1062 3445 privatio,
1075 3367 1203 3446 negatio
1215 3385 1285 3429 rea·

192 3465 297 3527 litatis
324 3465 357 3525 in
374 3472 448 3525 cute
463 3475 540 3543 apto
565 3463 605 3523 ad
624 3464 712 3525 illam
744 3463 928 3524 habendam
942 3482 951 3527 :
967 3466 1134 3541 distinctio,
1154 3466 1283 3546 negatio

193 3568 295 3627 unius
322 3564 362 3625 de
377 3563 480 3627 altero
496 3580 504 3625 :
519 3563 742 3639 determinatio,
760 3562 890 3625 realitas
905 3581 963 3643 per
974 3582 1073 3645 quam
1099 3583 1157 3629 ens
1169 3565 1205 3628 lit
1219 3565 1283 3627 tale

191 3676 224 3726 et
242 3683 307 3727 uon
323 3661 426 3725 aliud.

622 3808 787 3855 Anniculus
807 3808 848 3855 tv.

594 3919 638 3981 Ilo
653 3932 720 3982 ente
733 3922 877 3985 rationis.

232 4055 283 4118 ⁰24.
308 4052 399 4117 Adeo
420 4070 532 4116 verum
549 4062 596 4115 est
618 4052 804 4114 intellectus
825 4051 990 4132 objectum
1006 4070 1162 4130 essaeus,
1179 4066 1214 4119 ut
1229 4058 1281 4119 in·
