2792 4600
490 293 576 338 uranu
597 293 718 351 nnrnnS,
742 295 833 340 canor
854 296 894 340 vr.
1197 283 1237 346 63

189 402 319 470 Bonum
335 405 429 469 alteri
460 417 508 470 est
533 407 622 488 quod
645 407 743 470 habet
759 407 994 489 perfectionem
1009 412 1103 476 alteri
1119 433 1237 479 conve·

143 501 307 569 trientem.
325 504 394 569 lloc
410 513 504 585 pecto
520 505 606 568 Deus
621 515 669 568 est
683 505 810 569 bonum
827 507 985 573 hominis.

190 602 397 667 Manifestum
415 621 515 684 porro
532 611 590 678 est,
608 621 707 667 omne
724 604 757 665 id
771 603 860 685 quod
878 606 972 668 alteri
985 607 1111 671 bonum
1127 620 1186 686 est,
1202 611 1237 672 ln

145 717 185 762 se
199 718 346 780 quoque,
363 701 477 782 aliquo
492 701 606 764 saltem
624 702 737 776 modo,
753 701 879 765 bonurn
896 722 978 768 esse.
994 703 1075 768 Nam
1087 706 1174 787 qnod
1189 708 1237 770 al·

143 798 211 861 teri
226 798 353 863 bonum
377 809 437 873 εει,
457 800 518 862 tele
535 808 583 861 est
607 809 743 881 propter
758 799 903 882 aliquam
922 803 972 866 sui
988 803 1236 885 perfectionem.

145 897 265 962 Omnis
281 907 389 962 autem
404 897 562 979 perfectio
578 907 626 961 est
640 898 772 962 bonitas
788 899 873 962 entis
889 900 923 962 in
940 919 1006 981 quo
1022 912 1081 965 est.

182 996 276 1073 ilinc
291 995 466 1076 intelliges,
484 994 720 1076 perfectionem
736 1014 794 1059 seu
809 996 1003 1074 bonitatem,
1022 1017 1086 1080 qua
1101 1019 1158 1062 ens
1172 1001 1237 1063 silri

144 1094 275 1159 bunum
287 1102 347 1170 est,
357 1112 426 1156 esse
443 1094 477 1154 in
494 1094 566 1174 ipso
582 1094 1113 1177 subjecto,acmentisoperetione
1128 1098 1238 1163 abillo

145 1192 356 1263 abstrahi;id
371 1209 448 1255 vero
464 1192 552 1273 qnod
568 1192 693 1254 bonum
709 1201 758 1254 est
769 1192 954 1270 elteri,esse
970 1212 1039 1258 rem
1052 1205 1238 1259 concretam

145 1292 258 1372 reipsa
270 1290 310 1354 ab
326 1289 385 1353 illo
399 1289 598 1353 distinctam.
625 1289 732 1370 Atque
747 1291 826 1352 hine
839 1290 975 1355 fortasse
990 1292 1109 1356 factum
1126 1302 1185 1370 est,
1203 1301 1239 1356 ut

144 1389 190 1452 ad
206 1389 557 1469 comprehendendum
573 1407 640 1452 uno
666 1389 802 1452 nomine
818 1399 849 1452 et
862 1388 895 1452 id
912 1408 978 1470 quo
994 1390 1176 1473 subjectum
1190 1403 1238 1457 est

147 1488 187 1550 in
202 1506 237 1550 se
251 1489 390 1561 bonum,
405 1497 437 1549 et
453 1487 487 1548 id
499 1488 587 1567 quod
600 1487 726 1551 bonum
738 1495 786 1549 εει
801 1487 908 1564 elteri,
922 1496 1111 1551 concretum
1126 1491 1239 1553 donum

57 1648 61 1658 ,
147 1604 211 1669 pro
223 1585 384 1649 abstracto
392 1586 512 1648 bonitus
520 1585 727 1666 frequentius
743 1594 969 1666 usurparetur,
983 1595 1019 1649 ut
1033 1605 1132 1668 supra
1148 1598 1240 1653 note·

145 1687 267 1748 vimus.
285 1685 322 1746 ld
337 1684 427 1746 enirn
443 1701 510 1765 quo
532 1684 715 1763 subjectum
732 1691 781 1745 est
796 1683 830 1745 in
846 1702 881 1746 se
895 1684 1033 1761 bonum,
1050 1686 1116 1748 dici
1134 1697 1240 1768 potest

147 1784 277 1847 honum
292 1782 455 1863 subjecto;
472 1782 528 1845 sed
558 1783 591 1844 id
621 1781 709 1862 quod
730 1783 856 1845 bonum
871 1792 919 1846 est
930 1783 1024 1846 alteri
1041 1783 1108 1847 dici
1124 1784 1239 1866 nequit

147 1880 281 1945 bonitas
293 1880 441 1957 alterius,
457 1880 535 1961 quia
550 1887 676 1944 nonest
692 1879 785 1941 illius
800 1878 917 1942 forma.

191 1981 266 2044 tut.
279 1980 313 2041 5⁰
329 1979 516 2058 pervulgata
545 1977 686 2040 maxime
716 1977 860 2041 eseboni
884 1977 1004 2042 divisio
1020 1978 1054 2040 in
1067 1979 1236 2058 honestum,

148 2080 236 2156 utile,
253 2077 439 2153 delectabile,
451 2094 515 2159 qua
531 2076 676 2157 quidem,
693 2087 730 2139 ut
745 2076 779 2138 in
795 2076 913 2157 logica
926 2076 1033 2140 obiter
1049 2079 1239 2142 monuimus

148 2181 197 2257 (L.
212 2178 284 2254 lld,
300 2178 357 2256 5⁰),
374 2194 441 2240 non
467 2192 578 2237 rerum
600 2193 673 2255 quae
689 2175 784 2238 bonae
800 2184 876 2237 sunt
892 2174 1010 2238 classes
1027 2177 1236 2252 exhibentur,

147 2277 207 2342 sed
222 2277 295 2358 ipse
309 2276 389 2341 beni
403 2275 486 2339 ratio
499 2274 533 2337 in
547 2275 690 2338 rationes
705 2273 868 2357 subjectas
882 2273 1092 2356 dispescitur.
1102 2276 1239 2359 Proprie

148 2390 259 2441 autem
282 2378 352 2441 lraec
378 2366 496 2439 divisio
512 2386 560 2438 est
574 2373 655 2437 boni
678 2374 833 2451 humani;
851 2382 966 2435 caetera
981 2374 1070 2437 enim
1086 2377 1173 2439 entia
1188 2376 1238 2439 vel

146 2473 377 2538 delectationis
393 2473 522 2553 capacia
544 2489 611 2534 non
628 2480 715 2548 sunt,
735 2480 770 2533 ut
785 2470 897 2535 emnia
913 2489 986 2555 qnae
1001 2488 1099 2535 sensu
1114 2483 1236 2551 carent,

147 2576 198 2638 vel
212 2573 407 2649 honestatis,
423 2582 457 2634 ut
473 2571 568 2633 brute
584 2570 776 2633 animantia.
793 2569 1021 2633 Nihilominus
1037 2572 1156 2635 divisio
1169 2573 1239 2636 haec

146 2672 279 2737 extendi
308 2671 393 2736 solet
420 2671 519 2734 etiarn
548 2668 587 2731 ad
618 2669 744 2732 bonurn
773 2670 808 2731 in
834 2677 1019 2750 generent
1051 2677 1164 2751 postea
1186 2671 1238 2733 in·

147 2789 301 2836 nuemllfl.

187 2871 221 2954 c)
233 2871 362 2934 Bonum
380 2869 554 2932 honesturn
584 2865 617 2927 in
633 2884 752 2946 genere
770 2863 923 2946 estquod
940 2866 1006 2929 enti
1021 2867 1174 2929 convenit
1183 2886 1238 2950 per

144 2988 178 3034 sc
190 2977 222 3032 et
235 2969 357 3032 ratione
367 2967 427 3030 rui.
454 2963 791 3030 Animadvertendum
804 2981 903 3045 porro
917 2971 976 3042 est,
993 2963 1118 3028 bonum
1134 2965 1238 3028 hone·

145 3078 235 3133 stum
250 3067 348 3130 latius
360 3074 392 3128 et
404 3065 546 3146 pressius
559 3064 678 3144 accipi.
706 3149 708 3152 ι
1213 3067 1216 3074 ·

189 3165 300 3230 Latius
314 3170 485 3243 acceptum
511 3171 559 3223 est
577 3159 742 3244 quidquid
759 3177 818 3241 per
833 3177 867 3221 se
883 3166 1032 3221 naturam
1048 3161 1131 3223 entis
1142 3160 1239 3242 perli-

145 3265 204 3339 cit,
220 3272 257 3327 ut
271 3263 404 3337 sanitas,
423 3261 602 3341 integritas,
620 3257 768 3333 scientia,
781 3257 845 3320 vita
861 3267 891 3320 et
904 3257 1013 3338 ipsum
1026 3274 1095 3321 esse
1109 3275 1117 3321 :
1131 3267 1162 3321 et
1176 3260 1238 3322 hoe

146 3363 272 3426 dicitur
286 3361 400 3423 lenum
414 3367 548 3422 nature.

188 3460 339 3526 Pressius
354 3468 401 3522 εει
416 3458 504 3540 quod
522 3475 580 3538 per
595 3474 629 3519 se
647 3456 743 3518 habet
756 3452 1019 3518 convenientiam
1034 3472 1109 3518 cum
1122 3463 1238 3521 natura

144 3558 302 3625 rationali
333 3573 398 3636 qua
412 3555 489 3631 tali;
516 3553 550 3615 id
566 3571 685 3633 nempe
702 3552 790 3634 qnod
808 3552 959 3615 rationali
987 3559 1111 3614 nature
1130 3554 1235 3633 perfe·

144 3660 292 3724 ctionem
320 3653 384 3736 ipsi
414 3652 583 3734 propriam
599 3650 681 3730 (125)
698 3649 844 3727 confert;
860 3669 934 3730 quae
950 3649 984 3711 in
1008 3666 1047 3712 eo
1073 3661 1132 3726 est,
1148 3660 1183 3713 ut
1202 3652 1237 3715 in

144 3757 274 3839 agendo
298 3762 426 3816 aeterna
438 3768 569 3816 morum
591 3751 711 3830 regulae
733 3767 767 3811 se
789 3748 983 3811 conformet.
1000 3748 1040 3812 Et
1055 3748 1118 3812 hoc
1146 3768 1237 3814 eom·
1284 3817 1287 3824 ,

143 3856 292 3921 muniter
308 3851 507 3930 intelligitur
518 3848 653 3910 nomine
667 3847 748 3910 boni
767 3847 910 3921 honesti,
924 3854 956 3908 et
971 3854 1019 3908 est
1034 3845 1122 3909 idem
1138 3865 1175 3911 ec
1185 3851 1237 3912 bc·
1292 3845 1298 3853 ’

143 3973 221 4019 num
234 3951 365 4015 morale.
382 3949 557 4029 Reperitur
569 3954 677 4009 autern
696 3947 765 4007 haec
780 3944 937 4007 bonitatis
952 3943 1036 4007 ratio
1049 3954 1119 4008 tum
1133 3946 1167 4011 in
1184 3969 1236 4012 ec·
