2792 4600
457 330 560 380 'nicae
581 334 702 393 cernue,
724 334 815 381 crena
836 335 882 382 nr.
1077 314 1082 324 ’
1183 321 1225 384 35

132 453 280 515 scribere
296 462 326 514 et
343 469 408 515 non
425 451 581 525 scribere,
601 451 685 513 bene
702 453 808 514 valere
824 459 854 516 et
874 461 1042 533 aegrotare.
1059 455 1097 518 Et
1112 462 1221 518 tamen

134 552 341 634 impossibiie
357 566 416 626 est,
435 559 469 614 ut
482 551 613 624 scribat,
632 551 694 613 hoc
711 560 877 615 momento
893 569 930 612 ac
946 552 1043 615 simui
1062 571 1127 616 nnn
1144 556 1225 616 scri-

136 650 201 725 bat,
219 659 321 730 utque
337 650 420 711 bene
439 650 540 711 valeat
555 667 592 710 ac
607 649 707 711 simul
735 658 877 726 aegrotet.
896 651 929 712 Si
947 669 1025 732 ergo
1048 654 1174 728 scribit,
1194 655 1220 715 si

136 747 220 809 bene
236 732 326 822 v'aiet,
344 765 421 809 sane
437 765 503 809 non
522 748 650 808 transiit
667 747 705 807 ad
724 747 904 809 existentiae
920 758 1038 811 statum
1057 768 1115 813 nec
1131 761 1220 814 tran-

136 847 216 910 sibit
232 865 376 926 unquam
395 845 426 907 id
444 846 532 926 quod
546 865 583 909 ex
599 863 693 926 aequo
711 845 867 924 possibile
883 856 962 921 erat,
977 847 1091 910 Petrus
1105 866 1226 930 nempe

138 945 203 1007 boc
218 955 384 1005 momento
401 961 464 1005 non
482 943 639 1015 scribens,
659 942 772 1002 Petrus
790 942 853 1004 hoc
869 954 1035 1006 momento
1051 958 1223 1025 aegrotans.

179 1041 231 1105 70.
257 1045 435 1107 Pnorostrto
452 1042 502 1103 lV.
522 1041 685 1102 Posst‘bt'lt'a
701 1050 812 1101 aeterna
826 1053 910 1104 sunt.

182 1139 394 1202 Possibilium
421 1139 552 1200 reatitas
578 1138 734 1199 duntaxat
761 1137 979 1202 inintellecta
1005 1140 1225 1204 actualitatem

135 1238 203 1300 sibi
228 1239 394 1320 propriam
419 1236 562 1299 nancisci
580 1246 685 1316 potest
713 1235 787 1315 (68).
805 1238 906 1317 igitur
923 1238 1130 1319 possibilium
1155 1261 1226 1306 esse

137 1348 296 1401 aeternum
314 1337 377 1399 dici
393 1337 522 1419 poterit,
540 1337 567 1398 si
584 1337 626 1397 sit
642 1337 827 1399 intellectus
844 1348 994 1411 aeternus,
1012 1340 1067 1420 qui
1086 1342 1226 1421 possibi·
1256 1346 1262 1363 ‘

137 1437 184 1498 iia
200 1439 309 1498 omnia
322 1453 450 1517 semper
465 1436 665 1515 cognoverit.
676 1436 773 1515 Atqui
792 1434 1116 1499 intellectusdivinus
1132 1447 1163 1500 et
1175 1449 1221 1501 est

45 1556 48 1563 ·
134 1545 291 1609 aeternne,
302 1545 333 1596 et
344 1532 945 1613 omniapossibiliasernpercognovit.
958 1534 1041 1613 Ergo
1056 1536 1226 1615 possibilia

140 1637 177 1696 in
194 1634 361 1696 intellectu
377 1633 489 1694 divino
505 1631 717 1694 aeternitatem
743 1631 873 1695 babent.
892 1631 975 1692 Sunt
1001 1650 1077 1712 ergo
1093 1643 1225 1700 aeterna.

574 1794 737 1841 xartcntus
759 1794 800 1839 tv.

473 1910 516 1971 De
535 1909 746 1989 possibilitatis
766 1908 894 1989 eripiar.

186 2044 238 2106 ii.
260 2045 335 2106 Duae
358 2051 433 2104 sunt
449 2043 489 2103 de
516 2039 734 2121 possibilitate
751 2039 925 2101 intrinseca
953 2049 1000 2103 sat
1015 2059 1126 2121 graves
1141 2064 1232 2125 quae-

143 2144 281 2205 stiones.
302 2141 422 2218 Prima,
437 2140 524 2203 unde
537 2143 605 2220 ipsa
619 2138 817 2220 possibilitas
830 2139 993 2219 originem
1008 2141 1119 2220 ducat;
1131 2146 1232 2208 attera

143 2241 189 2306 de
205 2241 294 2304 iilius
309 2238 477 2317 realitatis,
496 2257 568 2319 quae
585 2236 792 2319 possibilium
812 2239 944 2319 propria
957 2249 1005 2301 est
1021 2237 1095 2318 (67),
1113 2241 1231 2306 sunda·

145 2348 268 2402 mento.
285 2323 377 2401 Nunc
392 2337 433 2401 dc
448 2336 565 2419 prima.
1096 2411 1102 2422 ι

188 2436 240 2499 tt.
264 2438 443 2500 Psorosrrtn
472 2435 506 2497 V.
529 2433 698 2495 latrinscca
722 2433 908 2512 possibilitas
929 2452 983 2495 nec
997 2455 1017 2496 o
1041 2454 1143 2498 rerum
1168 2441 1235 2501 aci·

141 2534 258 2597 atentia
270 2534 388 2615 pendet,
404 2551 458 2595 nec
469 2532 506 2593 ab
520 2534 656 2592 humano
670 2531 833 2592 intellectu.

189 2631 300 2693 Prima
315 2647 389 2710 pars
413 2630 465 2692 vix
479 2628 622 2709 aliquam
639 2629 738 2708 exigit
754 2627 1020 2691 declarationem.
1038 2628 1232 2713 Quanquam

143 2731 235 2792 enim
264 2746 356 2791 mens
383 2726 670 2790 bumanaarebus
696 2726 911 2789 existentibus
937 2727 1147 2807 possibilium
1172 2751 1234 2796 no-

145 2828 254 2891 tiones
270 2827 430 2900 desumat,
449 2824 667 2887 nibilominus
695 2823 765 2903 ipsa
781 2823 984 2904 possibilitas
1001 2827 1171 2890 manifeste
1186 2840 1236 2893 est

144 2925 189 2988 ab
205 2923 375 2986 existentia
396 2941 505 2985 rernm
523 2920 761 3001 independens.
779 2919 849 2983 Non
866 2922 955 2983 enim
972 2922 1046 2984 ideo
1061 2942 1112 2986 res
1129 2940 1235 3006 potest

144 3042 218 3086 esse
234 3022 312 3102 quia
337 3032 396 3097 est,
413 3020 469 3083 sed
487 3018 684 3082 econtrario
702 3018 774 3080 ideo
801 3029 847 3081 est
863 3019 939 3098 quia
967 3029 1072 3099 potest
1097 3042 1178 3087 esse.
1196 3025 1238 3089 Ut

146 3122 237 3185 enim
254 3120 399 3201 potentia
415 3126 522 3181 actum
538 3116 713 3191 antecedit,
731 3119 774 3178 ita
788 3117 948 3196 capacitas
968 3118 1127 3181 existendi
1145 3132 1235 3184 ante·

146 3221 237 3283 cedit
252 3217 466 3282 existentiam.
483 3217 605 3280 Revera
629 3232 714 3277 anne
730 3231 840 3276 rerum
856 3228 1044 3297 conceptus,
1061 3228 1236 3299 antequam

149 3317 214 3380 itte
240 3315 426 3390 existerent,
454 3313 747 3377 contradictionem
776 3312 1007 3377 includebant?
1027 3314 1060 3375 Si
1090 3315 1234 3381 include·

148 3415 241 3491 bant,
258 3430 426 3493 nunquam
456 3429 507 3473 res
523 3410 588 3471 ittae
614 3411 795 3491 potuissent
821 3411 977 3486 existere;
994 3412 1021 3471 si
1038 3430 1104 3474 nnn
1133 3415 1238 3479 inciu-

147 3515 282 3588 debant,
300 3524 366 3576 erat
384 3511 530 3593 proiecto
556 3507 758 3590 possibilitas
773 3516 847 3569 ante
862 3508 1079 3572 existentiam.
1097 3513 1180 3594 Ergo
1195 3517 1238 3577 ab

152 3618 214 3679 bac
229 3615 286 3676 iila
299 3630 364 3676 non
381 3611 556 3692 dependet.

194 3715 341 3793 Denique
357 3713 460 3773 muita
475 3719 551 3773 sunt
577 3706 760 3788 possibilia,
778 3724 851 3786 quae
866 3705 974 3767 adhuc
1000 3723 1065 3768 non
1082 3707 1237 3788 existunt,

153 3797 221 3876 imo
237 3830 310 3894 quae
326 3826 495 3891 nunquam
512 3808 668 3871 exstitura
680 3817 756 3868 sunt
772 3806 845 3884 (69).
863 3806 959 3885 Ergo.

82 3929 84 3934 ’
193 3911 245 3974 73.
262 3910 371 3974 Altero
398 3924 531 3990 quoquc
558 3922 644 3986 pars,
662 3905 725 3966 nisi
745 3920 913 3985 perperam
935 3901 1146 3984 intelligatur,
1163 3909 1240 3970 nul·

152 4011 218 4074 lam
234 4010 357 4092 patitur
378 4006 616 4071 difficultatem.
632 4002 680 4067 Ne
706 4012 799 4085 putes
816 4003 916 4085 igitur
941 4003 996 4066 hic
1011 4005 1122 4084 negari
1148 4009 1241 4087 quod

1062 4102 1077 4141 ἰ
