2792 4600
170 370 234 433 2th
606 383 797 431 cosnotocm.

213 500 283 564 [tuo
298 510 372 563 sunt
388 517 499 562 rerum
521 498 669 561 ninnium
693 516 927 579 corporearum
952 498 1118 580 principia
1142 500 1261 563 intrin·

165 615 241 661 seca
257 608 289 661 et
304 617 362 679 per
387 616 421 660 se
438 615 446 661 ;
463 600 593 660 materie
618 600 722 678 prime
752 610 781 662 et
806 596 909 678 ferme
933 590 1259 680 substantialisque

167 694 255 758 inter
271 716 304 758 se
320 696 452 758 realiter
467 695 727 775 distinguuntur.

207 796 339 860 Materia
367 812 544 876 corporum
570 794 768 857 naturalium
797 793 918 857 dieitur
944 795 1079 856 materia
1092 798 1206 877 prime,
1224 807 1259 859 ut

163 892 387 976 distinguatur
409 913 426 955 a
448 911 544 955 causa
566 893 727 955 materiali
753 900 817 954 tam
841 891 1060 955 accidentium
1083 911 1258 975 corporeo·

163 1010 237 1056 runt
262 1012 358 1074 <guam
383 1009 518 1072 operum
536 991 770 1067 artificialium,
788 1000 924 1071 quaeest
940 991 1048 1071 ipsum
1065 1010 1185 1074 corpus
1201 1011 1256 1054 na-

163 1092 281 1156 turale.
306 1092 464 1156 Definitur
491 1099 600 1153 sutem
618 1107 626 1154 :
643 1090 813 1153 substantia
828 1091 1020 1170 incompleta,
1036 1111 1102 1172 qne
1116 1111 1156 1154 sn
1170 1111 1200 1153 sc
1214 1101 1255 1153 est

160 1209 320 1255 commune
351 1190 516 1271 subjectum
552 1189 726 1269 formarem
761 1189 900 1252 omnium
934 1190 1191 1270 infamantium,
1228 1203 1255 1253 et

159 1288 336 1371 indifferens
350 1301 386 1352 nt
406 1310 456 1351 ces
484 1307 587 1359 omncs
614 1289 755 1369 recipiet.
777 1289 902 1354 ldcirco
918 1289 1041 1352 dicitur
1052 1309 1135 1369 puro
1147 1298 1254 1370 paten-

158 1389 218 1466 tia,
236 1390 314 1471 quia
330 1408 367 1450 er
384 1408 418 1451 se
435 1388 564 1450 nullum
590 1389 685 1453 ltabct
712 1389 841 1451 essendi
865 1400 985 1463 sctum,
1005 1408 1112 1470 neque
1127 1399 1176 1452 est
1192 1390 1255 1453 lroc

158 1497 218 1553 aut
229 1486 391 1562 illud,secl
405 1496 511 1568 potest
524 1486 662 1548 diversis
676 1486 790 1550 formis
804 1486 1035 1549 accedentibus
1047 1506 1117 1550 esse
1130 1487 1256 1550 hocaut

157 1586 258 1651 illud.
274 1585 393 1649 Eadem
410 1596 457 1649 est
472 1604 538 1658 nne
554 1596 692 1660 tantum,
707 1587 821 1648 saltem
839 1586 871 1647 in
885 1586 1079 1667 corporibus
1096 1585 1255 1648 subluna-
1306 1621 1310 1634 ι

159 1685 273 1761 ribus;
290 1684 486 1747 essentialiter
502 1684 644 1766 simplem,
662 1685 822 1766 quianon
840 1685 1052 1764 componitur
1066 1703 1103 1746 ex
1122 1685 1254 1750 materia

157 1783 305 1847 etforma
316 1802 325 1861 ;
336 1791 441 1844 tamen
457 1782 491 1843 in
504 1783 688 1864 coraposito
703 1782 850 1863 partibus
863 1781 1251 1862 integrantibusconstat;

156 1881 373 1965 inponerelitis
389 1880 466 1961 qnia
478 1890 552 1941 ante
565 1898 700 1943 omnem
714 1879 957 1960 generationem
973 1881 1250 1960 praesupponunt,

158 1990 193 2044 et
209 1997 275 2044 non
289 1979 383 2041 aliter
398 1978 482 2041 effici
499 1987 604 2059 potest
616 1996 715 2059 quarn
735 1996 793 2059 per
807 1976 1023 2055 creationem;
1034 1978 1251 2058 incorruptibi-

158 2079 211 2154 lis,
230 2078 308 2161 quia
323 2088 480 2158 corrupto
496 2076 680 2158 composito
697 2077 767 2157 ipsa
784 2093 850 2139 non
867 2075 963 2157 perit,
991 2076 1046 2139 sed
1069 2093 1128 2158 per
1153 2076 1251 2139 aliam

108 2231 112 2240 .
158 2176 587 2255 tormamneterminatur:
614 2189 811 2239 nontamen
836 2184 940 2254 potest
962 2175 1034 2237 sine
1058 2174 1124 2236 nlla
1147 2175 1252 2238 torma

159 2277 356 2345 naturaliter
372 2295 516 2341 manere.
1236 2358 1238 2362 Α

203 2378 235 2441 5.
258 2374 375 2440 Forma
394 2374 619 2438 substantialis
634 2385 682 2437 est
696 2374 869 2449 substantie
883 2376 1064 2455 incompleta
1078 2394 1144 2456 qne
1157 2384 1251 2438 mete·

160 2480 242 2539 riom
265 2483 404 2549 manens,
431 2492 540 2555 carpus
564 2474 771 2536 dnerminete
797 2474 906 2554 speciei
933 2492 1002 2536 enm
1027 2493 1063 2535 ee
1086 2476 1254 2538 constitnit.

141 2570 143 2575 ’
159 2560 211 2643 Es
222 2562 406 2656 appellatu’r
420 2582 505 2635 actm
516 2575 636 2654 primns
647 2573 797 2653 corporis
813 2556 988 2635 naturalis:
1002 2580 1093 2634 actus
1105 2572 1253 2652 quidem,

161 2675 242 2757 quia
258 2691 378 2754 carpus
394 2673 483 2752 quoti
500 2672 679 2734 secundum
697 2672 867 2733 materiam
883 2681 952 2733 erat
967 2672 1073 2733 solum
1090 2671 1123 2733 in
1142 2679 1255 2751 poten-

160 2774 222 2848 tia,
240 2772 432 2834 adveniente
457 2770 560 2834 forma
586 2769 704 2850 incipit
730 2787 801 2832 esse
825 2777 915 2844 actn3
931 2770 1058 2849 primns
1074 2788 1160 2845 vero,
1177 2769 1256 2850 quia

161 2883 256 2939 aetus
273 2869 400 2932 essendi
425 2886 522 2949 quem
553 2867 689 2930 nrateria
703 2887 721 2929 a
737 2868 842 2932 torma
868 2867 976 2943 habet,
993 2867 1173 2930 accidentia
1187 2886 1258 2931 om·

161 2971 220 3037 nia
235 2969 385 3051 corporis
397 2977 428 3030 et
443 2965 651 3048 operationes
665 2967 959 3048 praecedit,.estque
975 2965 1131 3046 primaria
1143 2984 1256 3030 earum

162 3069 271 3133 radix.

207 3168 238 3232 6.
262 3162 388 3229 Formae
399 3164 472 3227 aliae
488 3177 563 3226 sunt
579 3173 734 3244 separate
749 3163 790 3225 ab
806 3164 896 3227 omni
915 3164 1061 3240 materie,
1078 3174 1114 3227 ut
1135 3164 1255 3244 angeli,

163 3268 239 3330 aliae
255 3265 469 3329 informantes
483 3260 665 3324 materiam.
682 3262 737 3325 liae
752 3280 828 3325 sero
844 3272 921 3324 sunt
935 3263 984 3324 vel
1002 3262 1190 3341 spirituales
1206 3262 1256 3323 vel

162 3365 362 3430 materiales.
387 3361 594 3441 Spirituales,
610 3369 645 3422 ut
660 3362 769 3422 anima
794 3361 948 3437 humana,
973 3361 1079 3423 solum
1098 3379 1155 3441 per
1169 3379 1259 3423 crea·

164 3467 289 3527 tionem
312 3480 329 3522 a
353 3464 418 3524 lieo
450 3458 585 3539 produci
618 3469 772 3539 possunt;
791 3459 973 3521 materiales
998 3476 1075 3522 vero
1097 3459 1260 3521 activitate

165 3562 368 3627 naturalium
384 3559 549 3639 agentium
566 3575 603 3621 ex
615 3559 758 3621 materiae
772 3560 916 3639 potentia
936 3558 1131 3620 educuntur.
1142 3558 1260 3635 liujus·

163 3662 258 3727 nrodi
274 3671 350 3722 sunt
364 3659 483 3720 animae
500 3657 674 3720 brutorum
689 3666 788 3739 atque
805 3658 1005 3738 plantarum,
1019 3665 1051 3719 et
1064 3657 1176 3720 lormae
1188 3674 1259 3719 om·

165 3779 227 3824 nes
240 3760 507 3822 inanimatorum.
524 3756 717 3835 Spirituales
733 3756 846 3820 formae
870 3756 991 3818 habent
1012 3774 1082 3818 esse
1096 3765 1128 3818 et
1142 3773 1261 3835 opera-

165 3859 294 3922 tionem
322 3874 340 3919 e
369 3853 503 3917 materia
540 3854 815 3935 independentem
835 3873 844 3929 ;
868 3853 1052 3916 materiales
1079 3871 1097 3916 a
1124 3853 1261 3916 materia

166 3956 326 4039 pendent,
342 3963 374 4015 et
395 3962 430 4014 ut
457 3950 534 4014 liant
550 3962 581 4014 et
598 3963 630 4014 ut
647 3962 893 4027 conserventur,
911 3961 1066 4033 tanquam
1081 3969 1098 4013 a
1115 3970 1260 4032 prsesup·

165 4053 279 4136 posito
302 4050 473 4130 subjecto:
498 4067 600 4131 quare
629 4050 694 4112 illas
724 4061 856 4114 manent
882 4058 1041 4132 currupto
1062 4050 1260 4131 composito,
