2792 4600
445 315 532 360 niune
553 315 674 375 suiuus,
697 316 789 364 onnus
810 319 856 365 ιιι.
1119 304 1121 308 ’
1144 305 1207 371 utu

115 445 251 509 ponere,
269 436 300 490 et
315 435 389 496 ante
403 428 516 493 omnia
530 428 684 492 formatas
700 430 940 497 existimabant.
957 434 996 498 Hi
1009 428 1116 499 autem
1135 440 1204 517 pri·

113 547 206 591 mum
233 546 299 591 non
315 528 503 603 admittunt,
534 529 672 592 alterum
689 532 828 610 probare
855 550 921 595 uon
954 545 1101 614 possunt.
1132 537 1206 602 Non

113 645 213 692 sensu
229 627 450 690 recentiorum
465 645 472 690 :
492 644 567 688 nam
582 628 744 690 elementa
758 645 775 689 a
793 632 1034 696 recentioribus
1049 634 1208 697 dicuntur

116 743 163 787 eae
184 723 384 798 substantiae,
413 742 486 804 quae
502 724 652 804 pluribus
679 726 904 805 heterogeneis
920 715 1111 793 substantiis
1132 743 1207 795 actu

116 821 303 903 conjunctis
331 839 399 884 non
428 830 588 883 constant.
617 821 681 885 Sed
712 840 826 885 omnes
854 842 988 905 prorsus
1017 828 1210 894 substantiae

114 920 205 1002 juxta
223 921 306 982 bane
337 919 531 982 sententiam
550 918 709 983 babendae
724 930 801 983 sunt
825 923 1012 1001 ejusmodi:
1033 927 1101 989 haee
1117 929 1209 992 enim

115 1020 260 1099 negatio
283 1018 363 1098 ipsis
381 1016 490 1079 mixtis
506 1034 675 1079 remanere
697 1027 770 1081 actu
787 1022 1032 1099 componentia.
1053 1025 1103 1087 Au
1121 1026 1208 1088 sorte

116 1116 298 1180 subtantias
323 1114 492 1195 simplices
508 1115 729 1178 chinticorum
744 1118 906 1181 elementa
922 1120 1088 1200 appellare
1116 1133 1208 1203 pote·
1240 1109 1246 1121 ⁸

117 1228 207 1290 runt,
224 1216 301 1297 quin
322 1231 389 1277 non
407 1222 542 1293 possunt
557 1213 592 1274 in
612 1213 810 1277 substantias
827 1215 971 1278 diversas
987 1219 1127 1283 rescivi?
1143 1220 1208 1284 Sed

119 1316 155 1376 in
171 1315 232 1376 hac
246 1312 404 1393 opinione
421 1311 520 1373 nullae
535 1311 726 1375 substantiae
741 1314 962 1388 resolvuntur,
981 1316 1036 1377 sed
1054 1336 1209 1381 corrum-

116 1426 242 1494 puntur
271 1428 396 1484 omnes,
426 1410 524 1470 etiam
554 1410 744 1473 substantiae
772 1411 941 1491 simplices
970 1414 1205 1481 chimicorum.

118 1513 221 1593 Igitur
235 1510 389 1574 elementi
405 1526 526 1571 nomen
543 1510 577 1570 in
595 1509 656 1571 hae
670 1510 827 1589 opinione
842 1521 890 1573 est
901 1530 973 1588 vox,
987 1532 1060 1593 quae
1076 1515 1207 1579 nuiium

117 1612 247 1673 videtur
265 1609 384 1674 babere
401 1625 546 1670 sensum.

159 1712 212 1775 84.
227 1709 260 1771 2⁰
275 1706 501 1788 Opinabantur
516 1714 651 1778 veteres,
666 1707 778 1768 omnia
791 1707 903 1784 mixta,
922 1708 1034 1771 saltem
1049 1713 1208 1791 perfecta,

118 1810 159 1872 ad
189 1810 240 1871 sui
270 1807 514 1887 generationem
545 1806 707 1867 elementa
736 1806 847 1869 omnia
873 1808 1055 1887 requirere.
1084 1813 1208 1893 Atqui

118 1908 325 1989 opinionem,
350 1922 447 1985 quam
464 1904 563 1967 modo
591 1904 834 1984 impugnamus,
866 1904 900 1966 in
918 1909 1069 1985 praesenti
1094 1911 1209 1974 deien-

117 2009 198 2070 dere
212 2007 319 2080 velis}
339 2013 425 2065 certe
443 2021 508 2065 non
525 2015 684 2065 assereret
704 2021 819 2065 omnes
834 2005 1054 2068 chimicorum
1077 2014 1208 2091 simpli-

116 2125 173 2169 ces
208 2104 405 2167 substantias
433 2102 474 2163 ud
503 2101 616 2166 omnia
644 2101 745 2164 mixta
771 2101 972 2165 efformauda
995 2123 1207 2177 concurrere.

117 2205 274 2279 Quaenam
290 2194 391 2282 igitur
412 2208 510 2263 erunt
524 2200 730 2279 singulorum
753 2200 931 2263 mixtorum
959 2202 1141 2272 elementa?
1156 2211 1206 2274 Ad

119 2307 184 2369 boc
199 2311 278 2384 puto
293 2299 497 2362 adversarios
520 2298 720 2379 respondere
739 2316 806 2360 non
825 2317 930 2378 posse.
945 2300 979 2363 Si
996 2306 1085 2365 enim
1107 2326 1137 2370 v.
1154 2327 1205 2388 gr.

117 2404 229 2466 di'cent
249 2418 341 2482 aquae
356 2401 515 2462 elementa
532 2415 601 2459 esse
620 2400 815 2476 oxygonium
831 2411 930 2478 atque
947 2401 1204 2487 hydrogenium‚

117 2502 211 2565 nullo
231 2501 305 2580 jure
322 2500 385 2561 hoc
399 2497 520 2569 dicent,
537 2504 622 2557 etex
639 2497 786 2574 ipsorum
805 2496 979 2578 principiis
996 2499 1090 2565 facile
1106 2505 1205 2568 refel-

115 2601 238 2664 lentur.

156 2698 239 2761 Nam
255 2697 345 2776 juxta
369 2695 437 2757 baee
454 2693 630 2773 principia,
654 2692 815 2754 elementa
830 2711 923 2773 aquae
945 2714 1015 2757 esse
1034 2713 1205 2778 nequeunt

115 2798 181 2861 nisi
197 2816 235 2860 ea
249 2812 400 2876 corpora,
417 2811 489 2873 quae
504 2792 717 2872 corruptione
742 2792 792 2853 sui
817 2793 984 2856 materiam
1012 2798 1205 2879 relinquunt

115 2900 309 2979 dispositam
331 2892 372 2955 ad
395 2910 486 2973 aquae
509 2892 646 2953 formam
674 2892 910 2970 recipiendam.
938 2893 1022 2973 Ergo
1048 2897 1086 2957 ad
1111 2918 1203 2962 sum·

114 2984 218 3071 mum,
243 2992 438 3073 oxygenium
460 3001 491 3052 et
521 2990 761 3070 hydrogenium
787 3002 884 3053 erunt
906 3011 998 3072 aquae
1024 2996 1202 3077 elementa,

115 3115 218 3180 quum
243 3112 283 3155 ex
307 3108 421 3156 eurum
449 3091 663 3168 corruptione
689 3106 773 3170 aqua
799 3101 983 3169 generatur.
1012 3092 1075 3155 Sed
1097 3116 1202 3175 quum

100 3188 278 3258 'viceversa
299 3210 337 3253 ex
358 3188 571 3268 corruptione
598 3206 690 3267 aquae
715 3190 953 3268 hydrogenium
977 3204 1150 3270 generatur
1170 3210 1205 3260 et

113 3292 325 3376 exygenium
349 3306 435 3369 aqua
459 3289 521 3350 erit
548 3289 657 3368 potius
687 3288 860 3367 utriusque
886 3288 1096 3367 elementum,
1124 3314 1201 3360 cum

113 3394 227 3473 aliquo
249 3389 316 3451 alio
331 3404 470 3466 corpore
485 3385 632 3449 fortasse.

152 3492 248 3553 turta
270 3486 383 3549 eadem
400 3484 563 3566 principia
579 3485 756 3546 dicendum
772 3503 903 3564 quoque
916 3485 1010 3562 toret,
1027 3505 1119 3568 aquae
1134 3495 1201 3557 cte·

113 3599 224 3654 menta
249 3588 284 3649 in
312 3585 449 3647 diversis
471 3583 632 3662 adjunctis
661 3582 787 3644 diversa
813 3598 895 3646 esse.
928 3585 962 3646 V.
986 3604 1034 3665 gr.
1058 3589 1202 3656 lucernae

112 3690 236 3760 oleum,
254 3685 334 3746 duna
350 3682 385 3744 iit
401 3683 434 3743 iu
450 3682 534 3744 aeris
550 3681 711 3761 oxygenio
723 3679 920 3758 combustio,
938 3693 1056 3763 praeter
1067 3687 1202 3753 acidum

112 3787 340 3857 carbonicum,
374 3781 473 3845 etiam
498 3797 652 3861 vaporem
681 3799 822 3861 aqueum
848 3781 1046 3862 suppeditat,
1071 3784 1107 3847 ln
1135 3788 1204 3853 hoc

112 3905 191 3968 ergo
203 3902 280 3946 casu
292 3881 404 3945 oleum
420 3891 503 3942 esset
520 3897 623 3942 unum
647 3898 685 3943 ex
700 3898 793 3960 aquae
813 3880 996 3945 elementis.
1014 3882 1106 3964 Saepe
1122 3904 1200 3951 vero

113 3988 278 4053 incertum
294 3982 367 4053 erit,
384 3999 424 4043 an
442 3981 551 4062 aliqua
567 3981 748 4044 substantia
763 3984 806 4044 sit
821 3982 1019 4047 elementum
1035 3986 1140 4067 mixti,
1156 4009 1199 4053 au

259 4079 471 4133 iusulrurtonns,
491 4079 550 4120 E'l'G.
572 4079 602 4119 11.
1023 4086 1047 4123 fl
