<?xml version="1.0" encoding="UTF-8"?>
<!DOCTYPE html PUBLIC "-//W3C//DTD XHTML 1.0 Transitional//EN"
    "http://www.w3.org/TR/xhtml1/DTD/xhtml1-transitional.dtd">
<html xmlns="http://www.w3.org/1999/xhtml" xml:lang="en" lang="en">
 <head>
  <title>
</title>
<meta http-equiv="Content-Type" content="text/html;charset=utf-8" />
  <meta name='ocr-system' content='tesseract 3.04.00' />
  <meta name='ocr-capabilities' content='ocr_page ocr_carea ocr_par ocr_line ocrx_word'/>
</head>
<body>
  <div class='ocr_page' id='page_1' title='image "./institutionesph01tonggoog_0398.png"; bbox 0 0 2792 4600; ppageno 0'>
   <div class='ocr_carea' id='block_1_1' title="bbox 158 309 779 374">
    <p class='ocr_par' dir='ltr' id='par_1_1' title="bbox 158 309 779 374">
     <span class='ocr_line' id='line_1_1' title="bbox 158 309 779 374; baseline -0.005 0"><span class='ocrx_word' id='word_1_1' title='bbox 158 309 221 374; x_wconf 80' lang='lat'><strong>390</strong></span> <span class='ocrx_word' id='word_1_2' title='bbox 591 326 779 372; x_wconf 80' lang='lat' dir='ltr'><strong>cosuonoen.</strong></span> 
     </span>
    </p>
   </div>
   <div class='ocr_carea' id='block_1_2' title="bbox 127 444 1252 1216">
    <p class='ocr_par' dir='ltr' id='par_1_2' title="bbox 127 444 1249 818">
     <span class='ocr_line' id='line_1_2' title="bbox 200 444 1248 524; baseline 0 -17"><span class='ocrx_word' id='word_1_3' title='bbox 200 444 272 507; x_wconf 80' lang='lat'><strong>408.</strong></span> <span class='ocrx_word' id='word_1_4' title='bbox 296 445 374 508; x_wconf 77' lang='lat' dir='ltr'><strong>iisse</strong></span> <span class='ocrx_word' id='word_1_5' title='bbox 402 459 501 524; x_wconf 87' lang='lat' dir='ltr'><strong>porro</strong></span> <span class='ocrx_word' id='word_1_6' title='bbox 517 452 640 506; x_wconf 85' lang='lat' dir='ltr'><strong>naturae</strong></span> <span class='ocrx_word' id='word_1_7' title='bbox 665 444 753 523; x_wconf 84' lang='lat' dir='ltr'><strong>leges</strong></span> <span class='ocrx_word' id='word_1_8' title='bbox 768 444 850 508; x_wconf 89' lang='lat' dir='ltr'><strong>adeo</strong></span> <span class='ocrx_word' id='word_1_9' title='bbox 866 445 1074 508; x_wconf 73' lang='lat' dir='ltr'><strong>manifestum</strong></span> <span class='ocrx_word' id='word_1_10' title='bbox 1091 455 1150 520; x_wconf 91' lang='lat' dir='ltr'><strong>est,</strong></span> <span class='ocrx_word' id='word_1_11' title='bbox 1169 454 1205 509; x_wconf 90' lang='lat' dir='ltr'><strong>ut</strong></span> <span class='ocrx_word' id='word_1_12' title='bbox 1219 446 1248 508; x_wconf 89' lang='lat' dir='ltr'><strong>si</strong></span> 
     </span>
     <span class='ocr_line' id='line_1_3' title="bbox 127 533 1249 625; baseline 0.001 -19"><span class='ocrx_word' id='word_1_13' title='bbox 127 533 130 538; x_wconf 43' lang='lat'><strong>⁴</strong></span> <span class='ocrx_word' id='word_1_14' title='bbox 159 544 247 625; x_wconf 90' lang='lat' dir='ltr'><strong>quis,</strong></span> <span class='ocrx_word' id='word_1_15' title='bbox 262 540 436 603; x_wconf 79' lang='lat' dir='ltr'>intellectis</span> <span class='ocrx_word' id='word_1_16' title='bbox 451 541 612 617; x_wconf 87' lang='lat' dir='ltr'><strong>terminis,</strong></span> <span class='ocrx_word' id='word_1_17' title='bbox 630 541 761 621; x_wconf 90' lang='lat' dir='ltr'><strong>probari</strong></span> <span class='ocrx_word' id='word_1_18' title='bbox 785 542 849 605; x_wconf 92' lang='lat' dir='ltr'><strong>hoc</strong></span> <span class='ocrx_word' id='word_1_19' title='bbox 867 542 930 604; x_wconf 91' lang='lat' dir='ltr'><strong>sibi</strong></span> <span class='ocrx_word' id='word_1_20' title='bbox 946 542 1053 618; x_wconf 83' lang='lat' dir='ltr'><strong>vellet,</strong></span> <span class='ocrx_word' id='word_1_21' title='bbox 1072 543 1099 604; x_wconf 89' lang='lat' dir='ltr'><strong>is</strong></span> <span class='ocrx_word' id='word_1_22' title='bbox 1113 543 1162 606; x_wconf 89' lang='lat' dir='ltr'><strong>vel</strong></span> <span class='ocrx_word' id='word_1_23' title='bbox 1179 562 1249 607; x_wconf 91' lang='lat' dir='ltr'><strong>sce-</strong></span> 
     </span>
     <span class='ocr_line' id='line_1_4' title="bbox 159 638 1249 724; baseline 0 -19"><span class='ocrx_word' id='word_1_24' title='bbox 159 643 266 724; x_wconf 90' lang='lat' dir='ltr'><strong>pticus</strong></span> <span class='ocrx_word' id='word_1_25' title='bbox 282 640 390 720; x_wconf 88' lang='lat' dir='ltr'><strong>plane,</strong></span> <span class='ocrx_word' id='word_1_26' title='bbox 404 638 453 701; x_wconf 92' lang='lat' dir='ltr'><strong>vel</strong></span> <span class='ocrx_word' id='word_1_27' title='bbox 467 654 569 701; x_wconf 88' lang='lat' dir='ltr'><strong>novus</strong></span> <span class='ocrx_word' id='word_1_28' title='bbox 582 639 615 700; x_wconf 93' lang='lat' dir='ltr'><strong>in</strong></span> <span class='ocrx_word' id='word_1_29' title='bbox 629 638 756 702; x_wconf 87' lang='lat' dir='ltr'><strong>mundo</strong></span> <span class='ocrx_word' id='word_1_30' title='bbox 768 639 888 720; x_wconf 82' lang='lat' dir='ltr'><strong>hospes</strong></span> <span class='ocrx_word' id='word_1_31' title='bbox 902 640 1138 703; x_wconf 78' lang='lat' dir='ltr'><strong>existimandus</strong></span> <span class='ocrx_word' id='word_1_32' title='bbox 1150 651 1249 705; x_wconf 85' lang='lat' dir='ltr'><strong>esset.</strong></span> 
     </span>
     <span class='ocr_line' id='line_1_5' title="bbox 159 735 805 818; baseline -0.005 -14"><span class='ocrx_word' id='word_1_33' title='bbox 159 741 238 805; x_wconf 87' lang='lat' dir='ltr'><strong>Cum</strong></span> <span class='ocrx_word' id='word_1_34' title='bbox 256 736 406 818; x_wconf 85' lang='lat' dir='ltr'><strong>scepticis</strong></span> <span class='ocrx_word' id='word_1_35' title='bbox 422 736 501 798; x_wconf 86' lang='lat' dir='ltr'><strong>alibi</strong></span> <span class='ocrx_word' id='word_1_36' title='bbox 519 735 645 817; x_wconf 74' lang='lat' dir='ltr'><strong>egimus</strong></span> <span class='ocrx_word' id='word_1_37' title='bbox 661 737 707 814; x_wconf 75' lang='lat' dir='ltr'><strong>(L.</strong></span> <span class='ocrx_word' id='word_1_38' title='bbox 721 736 805 810; x_wconf 70' lang='lat'><strong>502).</strong></span> 
     </span>
    </p>

    <p class='ocr_par' dir='ltr' id='par_1_3' title="bbox 157 835 1252 1216">
     <span class='ocr_line' id='line_1_6' title="bbox 182 835 1251 917; baseline 0.001 -16"><span class='ocrx_word' id='word_1_39' title='bbox 182 837 349 901; x_wconf 59' lang='lat' dir='ltr'><strong>&#39;Proiecto</strong></span> <span class='ocrx_word' id='word_1_40' title='bbox 367 835 463 898; x_wconf 88' lang='lat' dir='ltr'><strong>habet</strong></span> <span class='ocrx_word' id='word_1_41' title='bbox 489 853 562 899; x_wconf 89' lang='lat' dir='ltr'><strong>suas</strong></span> <span class='ocrx_word' id='word_1_42' title='bbox 590 835 851 899; x_wconf 86' lang='lat' dir='ltr'><strong>evidentissimas</strong></span> <span class='ocrx_word' id='word_1_43' title='bbox 872 837 959 917; x_wconf 74' lang='lat' dir='ltr'><strong>leges</strong></span> <span class='ocrx_word' id='word_1_44' title='bbox 975 845 1006 898; x_wconf 87' lang='lat' dir='ltr'><strong>et</strong></span> <span class='ocrx_word' id='word_1_45' title='bbox 1020 838 1179 901; x_wconf 82' lang='lat' dir='ltr'><strong>minerale</strong></span> <span class='ocrx_word' id='word_1_46' title='bbox 1194 857 1251 902; x_wconf 86' lang='lat' dir='ltr'><strong>re·</strong></span> 
     </span>
     <span class='ocr_line' id='line_1_7' title="bbox 157 934 1250 1019; baseline 0.001 -19"><span class='ocrx_word' id='word_1_47' title='bbox 157 955 260 1019; x_wconf 74' lang='lat' dir='ltr'><strong>gnum</strong></span> <span class='ocrx_word' id='word_1_48' title='bbox 276 946 307 997; x_wconf 91' lang='lat' dir='ltr'><strong>et</strong></span> <span class='ocrx_word' id='word_1_49' title='bbox 322 935 463 1015; x_wconf 82' lang='lat' dir='ltr'><strong>vegetale</strong></span> <span class='ocrx_word' id='word_1_50' title='bbox 485 944 516 996; x_wconf 94' lang='lat' dir='ltr'><strong>et</strong></span> <span class='ocrx_word' id='word_1_51' title='bbox 536 934 693 1010; x_wconf 88' lang='lat' dir='ltr'><strong>animale;</strong></span> <span class='ocrx_word' id='word_1_52' title='bbox 715 935 796 998; x_wconf 89' lang='lat' dir='ltr'><strong>etin</strong></span> <span class='ocrx_word' id='word_1_53' title='bbox 824 934 878 997; x_wconf 90' lang='lat' dir='ltr'><strong>his</strong></span> <span class='ocrx_word' id='word_1_54' title='bbox 903 952 1108 1017; x_wconf 78' lang='lat' dir='ltr'><strong>unaquaeque</strong></span> <span class='ocrx_word' id='word_1_55' title='bbox 1121 938 1250 1015; x_wconf 88' lang='lat' dir='ltr'><strong>classis,</strong></span> 
     </span>
     <span class='ocr_line' id='line_1_8' title="bbox 158 1031 1252 1115; baseline 0 -18"><span class='ocrx_word' id='word_1_56' title='bbox 158 1035 296 1109; x_wconf 86' lang='lat' dir='ltr'><strong>familia,</strong></span> <span class='ocrx_word' id='word_1_57' title='bbox 314 1051 427 1113; x_wconf 82' lang='lat' dir='ltr'><strong>genus,</strong></span> <span class='ocrx_word' id='word_1_58' title='bbox 445 1031 581 1113; x_wconf 89' lang='lat' dir='ltr'><strong>species,</strong></span> <span class='ocrx_word' id='word_1_59' title='bbox 600 1033 668 1093; x_wconf 90' lang='lat' dir='ltr'><strong>imo</strong></span> <span class='ocrx_word' id='word_1_60' title='bbox 685 1032 823 1113; x_wconf 81' lang='lat' dir='ltr'><strong>singulae</strong></span> <span class='ocrx_word' id='word_1_61' title='bbox 848 1032 1026 1096; x_wconf 82' lang='lat' dir='ltr'><strong>virentium</strong></span> <span class='ocrx_word' id='word_1_62' title='bbox 1042 1043 1160 1115; x_wconf 87' lang='lat' dir='ltr'><strong>partes,</strong></span> <span class='ocrx_word' id='word_1_63' title='bbox 1178 1036 1252 1097; x_wconf 83' lang='lat' dir='ltr'><strong>sin-</strong></span> 
     </span>
     <span class='ocr_line' id='line_1_9' title="bbox 160 1129 1252 1216; baseline 0.001 -21"><span class='ocrx_word' id='word_1_64' title='bbox 160 1134 234 1216; x_wconf 73' lang='lat' dir='ltr'><strong>gula</strong></span> <span class='ocrx_word' id='word_1_65' title='bbox 250 1148 371 1213; x_wconf 78' lang='lat' dir='ltr'><strong>organa</strong></span> <span class='ocrx_word' id='word_1_66' title='bbox 387 1130 504 1192; x_wconf 89' lang='lat' dir='ltr'><strong>iisdem</strong></span> <span class='ocrx_word' id='word_1_67' title='bbox 521 1129 760 1192; x_wconf 81' lang='lat' dir='ltr'><strong>invariabiliter</strong></span> <span class='ocrx_word' id='word_1_68' title='bbox 771 1130 942 1193; x_wconf 91' lang='lat' dir='ltr'><strong>elementis</strong></span> <span class='ocrx_word' id='word_1_69' title='bbox 956 1141 1116 1203; x_wconf 75' lang='lat' dir='ltr'><strong>constant,</strong></span> <span class='ocrx_word' id='word_1_70' title='bbox 1132 1134 1252 1196; x_wconf 87' lang='lat' dir='ltr'><strong>eadem</strong></span> 
     </span>
    </p>
   </div>
   <div class='ocr_carea' id='block_1_3' title="bbox 157 1227 1354 1313">
    <p class='ocr_par' dir='ltr' id='par_1_4' title="bbox 157 1227 1354 1313">
     <span class='ocr_line' id='line_1_10' title="bbox 157 1227 1354 1313; baseline -0.003 -18"><span class='ocrx_word' id='word_1_71' title='bbox 157 1232 273 1313; x_wconf 76' lang='lat' dir='ltr'><strong>ligura,</strong></span> <span class='ocrx_word' id='word_1_72' title='bbox 291 1230 407 1293; x_wconf 90' lang='lat' dir='ltr'><strong>codem</strong></span> <span class='ocrx_word' id='word_1_73' title='bbox 424 1235 553 1303; x_wconf 88' lang='lat' dir='ltr'><strong>ornatu,</strong></span> <span class='ocrx_word' id='word_1_74' title='bbox 572 1228 690 1291; x_wconf 89' lang='lat' dir='ltr'><strong>iisdem</strong></span> <span class='ocrx_word' id='word_1_75' title='bbox 715 1227 929 1309; x_wconf 87' lang='lat' dir='ltr'><strong>qualitatibus</strong></span> <span class='ocrx_word' id='word_1_76' title='bbox 954 1230 1168 1294; x_wconf 81' lang='lat' dir='ltr'><strong>sensibilibus</strong></span> <span class='ocrx_word' id='word_1_77' title='bbox 1194 1233 1251 1293; x_wconf 93' lang='lat' dir='ltr'><strong>di·</strong></span> <span class='ocrx_word' id='word_1_78' title='bbox 1344 1265 1354 1278; x_wconf 88' lang='lat'><strong>.</strong></span> 
     </span>
    </p>
   </div>
   <div class='ocr_carea' id='block_1_4' title="bbox 144 1326 1251 4077">
    <p class='ocr_par' dir='ltr' id='par_1_5' title="bbox 156 1326 1251 1904">
     <span class='ocr_line' id='line_1_11' title="bbox 158 1326 1250 1412; baseline 0 -18"><span class='ocrx_word' id='word_1_79' title='bbox 158 1332 380 1412; x_wconf 79' lang='lat' dir='ltr'><strong>stinguuntnr,</strong></span> <span class='ocrx_word' id='word_1_80' title='bbox 398 1326 596 1408; x_wconf 85' lang='lat' dir='ltr'><strong>easdemque</strong></span> <span class='ocrx_word' id='word_1_81' title='bbox 617 1326 656 1388; x_wconf 91' lang='lat' dir='ltr'><strong>ad</strong></span> <span class='ocrx_word' id='word_1_82' title='bbox 679 1334 794 1389; x_wconf 83' lang='lat' dir='ltr'><strong>caetara</strong></span> <span class='ocrx_word' id='word_1_83' title='bbox 815 1345 952 1408; x_wconf 88' lang='lat' dir='ltr'><strong>corpora</strong></span> <span class='ocrx_word' id='word_1_84' title='bbox 978 1328 1154 1393; x_wconf 81' lang='lat' dir='ltr'><strong>relationes</strong></span> <span class='ocrx_word' id='word_1_85' title='bbox 1181 1349 1250 1393; x_wconf 84' lang='lat' dir='ltr'><strong>ser·</strong></span> 
     </span>
     <span class='ocr_line' id='line_1_12' title="bbox 157 1420 1248 1506; baseline -0.001 -13"><span class='ocrx_word' id='word_1_86' title='bbox 157 1439 243 1493; x_wconf 83' lang='lat' dir='ltr'><strong>rant.</strong></span> <span class='ocrx_word' id='word_1_87' title='bbox 274 1426 446 1490; x_wconf 85' lang='lat' dir='ltr'><strong>Generalio</strong></span> <span class='ocrx_word' id='word_1_88' title='bbox 470 1426 661 1502; x_wconf 83' lang='lat' dir='ltr'><strong>viventium,</strong></span> <span class='ocrx_word' id='word_1_89' title='bbox 691 1444 873 1506; x_wconf 89' lang='lat' dir='ltr'><strong>eorumque</strong></span> <span class='ocrx_word' id='word_1_90' title='bbox 902 1433 993 1490; x_wconf 88' lang='lat' dir='ltr'><strong>ortus</strong></span> <span class='ocrx_word' id='word_1_91' title='bbox 1021 1434 1053 1489; x_wconf 92' lang='lat' dir='ltr'><strong>et</strong></span> <span class='ocrx_word' id='word_1_92' title='bbox 1080 1420 1248 1505; x_wconf 82' lang='lat' dir='ltr'><strong>interitus,</strong></span> 
     </span>
     <span class='ocr_line' id='line_1_13' title="bbox 156 1525 1250 1607; baseline 0.002 -15"><span class='ocrx_word' id='word_1_93' title='bbox 156 1545 337 1607; x_wconf 89' lang='lat' dir='ltr'><strong>omnesque</strong></span> <span class='ocrx_word' id='word_1_94' title='bbox 352 1525 512 1606; x_wconf 70' lang='lat' dir='ltr'><strong>organice</strong></span> <span class='ocrx_word' id='word_1_95' title='bbox 528 1525 824 1598; x_wconf 69' lang='lat' dir='ltr'><strong>iunctionessrires</strong></span> <span class='ocrx_word' id='word_1_96' title='bbox 840 1525 918 1587; x_wconf 90' lang='lat' dir='ltr'><strong>item</strong></span> <span class='ocrx_word' id='word_1_97' title='bbox 931 1533 962 1588; x_wconf 89' lang='lat' dir='ltr'><strong>et</strong></span> <span class='ocrx_word' id='word_1_98' title='bbox 978 1525 1156 1603; x_wconf 81' lang='lat' dir='ltr'><strong>facultates,</strong></span> <span class='ocrx_word' id='word_1_99' title='bbox 1173 1548 1250 1594; x_wconf 92' lang='lat' dir='ltr'><strong>mo·</strong></span> 
     </span>
     <span class='ocr_line' id='line_1_14' title="bbox 157 1623 1249 1708; baseline 0 -17"><span class='ocrx_word' id='word_1_100' title='bbox 157 1647 209 1693; x_wconf 87' lang='lat' dir='ltr'><strong>res</strong></span> <span class='ocrx_word' id='word_1_101' title='bbox 225 1635 256 1690; x_wconf 91' lang='lat' dir='ltr'><strong>et</strong></span> <span class='ocrx_word' id='word_1_102' title='bbox 271 1625 448 1688; x_wconf 88' lang='lat' dir='ltr'><strong>instinctus</strong></span> <span class='ocrx_word' id='word_1_103' title='bbox 464 1625 681 1686; x_wconf 85' lang='lat' dir='ltr'><strong>animantium</strong></span> <span class='ocrx_word' id='word_1_104' title='bbox 711 1624 786 1686; x_wconf 89' lang='lat' dir='ltr'><strong>talia</strong></span> <span class='ocrx_word' id='word_1_105' title='bbox 802 1643 819 1684; x_wconf 90' lang='lat' dir='ltr'><strong>a</strong></span> <span class='ocrx_word' id='word_1_106' title='bbox 835 1623 931 1688; x_wconf 91' lang='lat' dir='ltr'><strong>nobis</strong></span> <span class='ocrx_word' id='word_1_107' title='bbox 946 1626 1046 1689; x_wconf 90' lang='lat' dir='ltr'><strong>modu</strong></span> <span class='ocrx_word' id='word_1_108' title='bbox 1062 1626 1249 1708; x_wconf 81' lang='lat' dir='ltr'><strong>deprehen·</strong></span> 
     </span>
     <span class='ocr_line' id='line_1_15' title="bbox 156 1721 1251 1804; baseline -0.003 -12"><span class='ocrx_word' id='word_1_109' title='bbox 156 1729 291 1797; x_wconf 88' lang='lat' dir='ltr'><strong>duntur,</strong></span> <span class='ocrx_word' id='word_1_110' title='bbox 309 1723 419 1804; x_wconf 88' lang='lat' dir='ltr'><strong>qualia</strong></span> <span class='ocrx_word' id='word_1_111' title='bbox 435 1723 469 1784; x_wconf 92' lang='lat' dir='ltr'><strong>in</strong></span> <span class='ocrx_word' id='word_1_112' title='bbox 487 1721 780 1784; x_wconf 83' lang='lat' dir='ltr'><strong>vetustissimorum</strong></span> <span class='ocrx_word' id='word_1_113' title='bbox 807 1731 994 1803; x_wconf 90' lang='lat' dir='ltr'><strong>temporum</strong></span> <span class='ocrx_word' id='word_1_114' title='bbox 1022 1727 1251 1789; x_wconf 84' lang='lat' dir='ltr'><strong>monumentis</strong></span> 
     </span>
     <span class='ocr_line' id='line_1_16' title="bbox 157 1819 794 1904; baseline -0.005 -18"><span class='ocrx_word' id='word_1_115' title='bbox 157 1840 310 1904; x_wconf 81' lang='lat' dir='ltr'><strong>expressa</strong></span> <span class='ocrx_word' id='word_1_116' title='bbox 326 1820 477 1901; x_wconf 81' lang='lat' dir='ltr'><strong>legimus,</strong></span> <span class='ocrx_word' id='word_1_117' title='bbox 493 1830 548 1882; x_wconf 87' lang='lat' dir='ltr'><strong>aut</strong></span> <span class='ocrx_word' id='word_1_118' title='bbox 564 1819 794 1901; x_wconf 83' lang='lat' dir='ltr'><strong>perspicimus.</strong></span> 
     </span>
    </p>

    <p class='ocr_par' dir='ltr' id='par_1_6' title="bbox 155 1917 1248 2495">
     <span class='ocr_line' id='line_1_17' title="bbox 197 1917 1248 2000; baseline 0.002 -16"><span class='ocrx_word' id='word_1_119' title='bbox 197 1920 238 1984; x_wconf 84' lang='lat' dir='ltr'><strong>Et</strong></span> <span class='ocrx_word' id='word_1_120' title='bbox 255 1921 324 1983; x_wconf 86' lang='lat' dir='ltr'><strong>haec</strong></span> <span class='ocrx_word' id='word_1_121' title='bbox 341 1918 497 1982; x_wconf 85' lang='lat' dir='ltr'><strong>omnibus</strong></span> <span class='ocrx_word' id='word_1_122' title='bbox 519 1926 594 1980; x_wconf 85' lang='lat' dir='ltr'><strong>sunt</strong></span> <span class='ocrx_word' id='word_1_123' title='bbox 622 1919 656 1979; x_wconf 92' lang='lat' dir='ltr'><strong>in</strong></span> <span class='ocrx_word' id='word_1_124' title='bbox 683 1917 868 1982; x_wconf 82' lang='lat' dir='ltr'><strong>manifesto.</strong></span> <span class='ocrx_word' id='word_1_125' title='bbox 887 1918 1122 2000; x_wconf 77' lang='lat' dir='ltr'><strong>Physicaevero</strong></span> <span class='ocrx_word' id='word_1_126' title='bbox 1147 1924 1248 1987; x_wconf 89' lang='lat' dir='ltr'><strong>disci·</strong></span> 
     </span>
     <span class='ocr_line' id='line_1_18' title="bbox 157 2016 1247 2102; baseline 0.004 -20"><span class='ocrx_word' id='word_1_127' title='bbox 157 2019 257 2102; x_wconf 83' lang='lat' dir='ltr'><strong>plinae</strong></span> <span class='ocrx_word' id='word_1_128' title='bbox 273 2019 307 2079; x_wconf 91' lang='lat' dir='ltr'><strong>in</strong></span> <span class='ocrx_word' id='word_1_129' title='bbox 323 2034 362 2079; x_wconf 91' lang='lat' dir='ltr'><strong>eo</strong></span> <span class='ocrx_word' id='word_1_130' title='bbox 378 2019 453 2079; x_wconf 85' lang='lat' dir='ltr'><strong>totae</strong></span> <span class='ocrx_word' id='word_1_131' title='bbox 467 2024 648 2088; x_wconf 86' lang='lat' dir='ltr'><strong>versantur,</strong></span> <span class='ocrx_word' id='word_1_132' title='bbox 661 2023 698 2078; x_wconf 89' lang='lat' dir='ltr'><strong>ut</strong></span> <span class='ocrx_word' id='word_1_133' title='bbox 709 2016 905 2079; x_wconf 83' lang='lat' dir='ltr'><strong>occultiores</strong></span> <span class='ocrx_word' id='word_1_134' title='bbox 917 2028 1041 2082; x_wconf 82' lang='lat' dir='ltr'><strong>naturoe</strong></span> <span class='ocrx_word' id='word_1_135' title='bbox 1056 2021 1142 2101; x_wconf 82' lang='lat' dir='ltr'><strong>leges</strong></span> <span class='ocrx_word' id='word_1_136' title='bbox 1154 2022 1247 2086; x_wconf 93' lang='lat' dir='ltr'><strong>dete-</strong></span> 
     </span>
     <span class='ocr_line' id='line_1_19' title="bbox 157 2103 1246 2200; baseline 0.006 -21"><span class='ocrx_word' id='word_1_137' title='bbox 157 2130 233 2200; x_wconf 78' lang='lat' dir='ltr'><strong>gant</strong></span> <span class='ocrx_word' id='word_1_138' title='bbox 250 2134 287 2178; x_wconf 90' lang='lat' dir='ltr'><strong>ac</strong></span> <span class='ocrx_word' id='word_1_139' title='bbox 302 2117 537 2179; x_wconf 84' lang='lat' dir='ltr'><strong>demonstrent.</strong></span> <span class='ocrx_word' id='word_1_140' title='bbox 555 2115 634 2177; x_wconf 89' lang='lat' dir='ltr'><strong>lnde</strong></span> <span class='ocrx_word' id='word_1_141' title='bbox 659 2103 825 2189; x_wconf 63' lang='lat' dir='ltr'><strong>novimus}</strong></span> <span class='ocrx_word' id='word_1_142' title='bbox 840 2115 964 2178; x_wconf 90' lang='lat' dir='ltr'><strong>nullam</strong></span> <span class='ocrx_word' id='word_1_143' title='bbox 991 2136 1061 2181; x_wconf 90' lang='lat' dir='ltr'><strong>esse</strong></span> <span class='ocrx_word' id='word_1_144' title='bbox 1084 2120 1117 2181; x_wconf 92' lang='lat' dir='ltr'><strong>in</strong></span> <span class='ocrx_word' id='word_1_145' title='bbox 1132 2139 1246 2185; x_wconf 89' lang='lat' dir='ltr'><strong>rerum</strong></span> 
     </span>
     <span class='ocr_line' id='line_1_20' title="bbox 157 2212 1246 2305; baseline 0.005 -24"><span class='ocrx_word' id='word_1_146' title='bbox 157 2226 273 2280; x_wconf 90' lang='lat' dir='ltr'><strong>natura</strong></span> <span class='ocrx_word' id='word_1_147' title='bbox 298 2217 376 2290; x_wconf 89' lang='lat' dir='ltr'><strong>vim,</strong></span> <span class='ocrx_word' id='word_1_148' title='bbox 394 2212 524 2276; x_wconf 92' lang='lat' dir='ltr'><strong>nullum</strong></span> <span class='ocrx_word' id='word_1_149' title='bbox 551 2223 689 2289; x_wconf 92' lang='lat' dir='ltr'><strong>motum,</strong></span> <span class='ocrx_word' id='word_1_150' title='bbox 713 2214 842 2276; x_wconf 90' lang='lat' dir='ltr'><strong>nullum</strong></span> <span class='ocrx_word' id='word_1_151' title='bbox 872 2222 1034 2292; x_wconf 90' lang='lat' dir='ltr'><strong>eventum,</strong></span> <span class='ocrx_word' id='word_1_152' title='bbox 1052 2220 1246 2305; x_wconf 90' lang='lat' dir='ltr'><strong>nullamque</strong></span> 
     </span>
     <span class='ocr_line' id='line_1_21' title="bbox 158 2314 1246 2395; baseline 0.004 -14"><span class='ocrx_word' id='word_1_153' title='bbox 158 2325 332 2381; x_wconf 88' lang='lat' dir='ltr'><strong>eventuum</strong></span> <span class='ocrx_word' id='word_1_154' title='bbox 348 2314 478 2390; x_wconf 89' lang='lat' dir='ltr'><strong>seriem,</strong></span> <span class='ocrx_word' id='word_1_155' title='bbox 497 2331 569 2395; x_wconf 89' lang='lat' dir='ltr'><strong>quae</strong></span> <span class='ocrx_word' id='word_1_156' title='bbox 595 2315 692 2376; x_wconf 88' lang='lat' dir='ltr'><strong>certis</strong></span> <span class='ocrx_word' id='word_1_157' title='bbox 718 2325 815 2395; x_wconf 87' lang='lat' dir='ltr'><strong>atque</strong></span> <span class='ocrx_word' id='word_1_158' title='bbox 840 2315 1088 2383; x_wconf 88' lang='lat' dir='ltr'><strong>invariabilibus</strong></span> <span class='ocrx_word' id='word_1_159' title='bbox 1116 2323 1246 2386; x_wconf 88' lang='lat' dir='ltr'><strong>normis</strong></span> 
     </span>
     <span class='ocr_line' id='line_1_22' title="bbox 155 2412 1069 2495; baseline 0.003 -16"><span class='ocrx_word' id='word_1_160' title='bbox 155 2432 222 2479; x_wconf 89' lang='lat' dir='ltr'><strong>non</strong></span> <span class='ocrx_word' id='word_1_161' title='bbox 236 2413 439 2493; x_wconf 83' lang='lat' dir='ltr'><strong>subjiciatur.</strong></span> <span class='ocrx_word' id='word_1_162' title='bbox 453 2412 571 2476; x_wconf 88' lang='lat' dir='ltr'><strong>inutile</strong></span> <span class='ocrx_word' id='word_1_163' title='bbox 586 2420 645 2487; x_wconf 88' lang='lat' dir='ltr'><strong>est,</strong></span> <span class='ocrx_word' id='word_1_164' title='bbox 660 2424 695 2477; x_wconf 93' lang='lat' dir='ltr'><strong>ut</strong></span> <span class='ocrx_word' id='word_1_165' title='bbox 710 2414 856 2495; x_wconf 78' lang='lat' dir='ltr'><strong>singulas</strong></span> <span class='ocrx_word' id='word_1_166' title='bbox 870 2430 1069 2482; x_wconf 80' lang='lat' dir='ltr'><strong>recenseam.</strong></span> 
     </span>
    </p>

    <p class='ocr_par' dir='ltr' id='par_1_7' title="bbox 154 2512 1240 2695">
     <span class='ocr_line' id='line_1_23' title="bbox 195 2512 1240 2593; baseline 0.005 -17"><span class='ocrx_word' id='word_1_167' title='bbox 195 2514 314 2593; x_wconf 89' lang='lat' dir='ltr'><strong>Liquet</strong></span> <span class='ocrx_word' id='word_1_168' title='bbox 329 2528 507 2591; x_wconf 62' lang='lat' dir='ltr'><strong>eram-essa</strong></span> <span class='ocrx_word' id='word_1_169' title='bbox 533 2519 657 2574; x_wconf 75' lang='lat' dir='ltr'><strong>nature</strong></span> <span class='ocrx_word' id='word_1_170' title='bbox 685 2512 784 2593; x_wconf 75' lang='lat' dir='ltr'><strong>leges,</strong></span> <span class='ocrx_word' id='word_1_171' title='bbox 801 2522 867 2576; x_wconf 90' lang='lat' dir='ltr'><strong>tam</strong></span> <span class='ocrx_word' id='word_1_172' title='bbox 888 2523 1012 2578; x_wconf 86' lang='lat' dir='ltr'><strong>naturae</strong></span> <span class='ocrx_word' id='word_1_173' title='bbox 1034 2516 1240 2593; x_wconf 84' lang='lat' dir='ltr'><strong>universalis,</strong></span> 
     </span>
     <span class='ocr_line' id='line_1_24' title="bbox 154 2611 492 2695; baseline -0.012 -18"><span class='ocrx_word' id='word_1_174' title='bbox 154 2614 252 2695; x_wconf 86' lang='lat' dir='ltr'><strong>quam</strong></span> <span class='ocrx_word' id='word_1_175' title='bbox 271 2611 492 2692; x_wconf 89' lang='lat' dir='ltr'><strong>particularis.</strong></span> 
     </span>
    </p>

    <p class='ocr_par' dir='ltr' id='par_1_8' title="bbox 147 2707 1243 3775">
     <span class='ocr_line' id='line_1_25' title="bbox 194 2707 1241 2796; baseline 0.003 -21"><span class='ocrx_word' id='word_1_176' title='bbox 194 2709 210 2739; x_wconf 90' lang='lat'><strong>*</strong></span> <span class='ocrx_word' id='word_1_177' title='bbox 223 2710 296 2775; x_wconf 67' lang='lat'><strong>⁴09.</strong></span> <span class='ocrx_word' id='word_1_178' title='bbox 310 2709 470 2771; x_wconf 77' lang='lat' dir='ltr'><strong>Caeterum</strong></span> <span class='ocrx_word' id='word_1_179' title='bbox 484 2708 570 2789; x_wconf 78' lang='lat' dir='ltr'><strong>leges</strong></span> <span class='ocrx_word' id='word_1_180' title='bbox 587 2707 664 2789; x_wconf 78' lang='lat' dir='ltr'><strong>illae,</strong></span> <span class='ocrx_word' id='word_1_181' title='bbox 679 2726 761 2790; x_wconf 88' lang='lat' dir='ltr'><strong>quas</strong></span> <span class='ocrx_word' id='word_1_182' title='bbox 776 2708 919 2790; x_wconf 86' lang='lat' dir='ltr'><strong>physicae</strong></span> <span class='ocrx_word' id='word_1_183' title='bbox 930 2711 1074 2775; x_wconf 73' lang='lat' dir='ltr'><strong>scientie</strong></span> <span class='ocrx_word' id='word_1_184' title='bbox 1088 2714 1241 2796; x_wconf 83' lang='lat' dir='ltr'><strong>conside-</strong></span> 
     </span>
     <span class='ocr_line' id='line_1_26' title="bbox 152 2795 1241 2888; baseline 0.004 -15"><span class='ocrx_word' id='word_1_185' title='bbox 152 2815 237 2882; x_wconf 84' lang='lat' dir='ltr'><strong>rant,</strong></span> <span class='ocrx_word' id='word_1_186' title='bbox 255 2824 414 2887; x_wconf 88' lang='lat' dir='ltr'><strong>supremae</strong></span> <span class='ocrx_word' id='word_1_187' title='bbox 430 2824 540 2869; x_wconf 90' lang='lat' dir='ltr'><strong>rerum</strong></span> <span class='ocrx_word' id='word_1_188' title='bbox 553 2795 639 2887; x_wconf 77' lang='lat' dir='ltr'><strong>leges</strong></span> <span class='ocrx_word' id='word_1_189' title='bbox 655 2796 867 2888; x_wconf 61' lang='lat' dir='ltr'><strong>proprie&#39;non</strong></span> <span class='ocrx_word' id='word_1_190' title='bbox 880 2818 967 2873; x_wconf 87' lang='lat' dir='ltr'><strong>sunt.</strong></span> <span class='ocrx_word' id='word_1_191' title='bbox 981 2809 1138 2874; x_wconf 81' lang='lat' dir='ltr'><strong>Mundum</strong></span> <span class='ocrx_word' id='word_1_192' title='bbox 1151 2814 1241 2877; x_wconf 88' lang='lat' dir='ltr'><strong>enim</strong></span> 
     </span>
     <span class='ocr_line' id='line_1_27' title="bbox 153 2904 1243 2991; baseline 0.005 -22"><span class='ocrx_word' id='word_1_193' title='bbox 153 2925 256 2988; x_wconf 91' lang='lat' dir='ltr'><strong>quum</strong></span> <span class='ocrx_word' id='word_1_194' title='bbox 283 2905 542 2980; x_wconf 85' lang='lat' dir='ltr'><strong>consideramus,</strong></span> <span class='ocrx_word' id='word_1_195' title='bbox 559 2904 717 2983; x_wconf 88' lang='lat' dir='ltr'><strong>quasdam</strong></span> <span class='ocrx_word' id='word_1_196' title='bbox 743 2905 823 2967; x_wconf 92' lang='lat' dir='ltr'><strong>alias</strong></span> <span class='ocrx_word' id='word_1_197' title='bbox 851 2906 1132 2987; x_wconf 87' lang='lat' dir='ltr'><strong>deprehendimus</strong></span> <span class='ocrx_word' id='word_1_198' title='bbox 1154 2910 1243 2991; x_wconf 76' lang='lat' dir='ltr'><strong>leges</strong></span> 
     </span>
     <span class='ocr_line' id='line_1_28' title="bbox 151 3002 1240 3086; baseline 0.004 -17"><span class='ocrx_word' id='word_1_199' title='bbox 151 3005 333 3086; x_wconf 84' lang='lat' dir='ltr'><strong>superioris</strong></span> <span class='ocrx_word' id='word_1_200' title='bbox 358 3002 498 3077; x_wconf 92' lang='lat' dir='ltr'><strong>ordinis,</strong></span> <span class='ocrx_word' id='word_1_201' title='bbox 516 3021 589 3083; x_wconf 80' lang='lat' dir='ltr'><strong>quae</strong></span> <span class='ocrx_word' id='word_1_202' title='bbox 615 3021 681 3066; x_wconf 89' lang='lat' dir='ltr'><strong>non</strong></span> <span class='ocrx_word' id='word_1_203' title='bbox 713 3013 848 3079; x_wconf 80' lang='lat' dir='ltr'><strong>nature,</strong></span> <span class='ocrx_word' id='word_1_204' title='bbox 870 3004 926 3066; x_wconf 91' lang='lat' dir='ltr'><strong>sed</strong></span> <span class='ocrx_word' id='word_1_205' title='bbox 953 3008 1096 3069; x_wconf 89' lang='lat' dir='ltr'><strong>auctoris</strong></span> <span class='ocrx_word' id='word_1_206' title='bbox 1115 3018 1240 3074; x_wconf 81' lang='lat' dir='ltr'><strong>naturae</strong></span> 
     </span>
     <span class='ocr_line' id='line_1_29' title="bbox 151 3100 1242 3183; baseline 0.006 -15"><span class='ocrx_word' id='word_1_207' title='bbox 151 3111 352 3168; x_wconf 87' lang='lat' dir='ltr'><strong>constantem</strong></span> <span class='ocrx_word' id='word_1_208' title='bbox 376 3100 642 3183; x_wconf 77' lang='lat' dir='ltr'><strong>uniformemque</strong></span> <span class='ocrx_word' id='word_1_209' title='bbox 671 3103 789 3183; x_wconf 81' lang='lat' dir='ltr'><strong>agendi</strong></span> <span class='ocrx_word' id='word_1_210' title='bbox 820 3103 956 3166; x_wconf 89' lang='lat' dir='ltr'><strong>modum</strong></span> <span class='ocrx_word' id='word_1_211' title='bbox 981 3106 1149 3172; x_wconf 85' lang='lat' dir='ltr'><strong>exhibent.</strong></span> <span class='ocrx_word' id='word_1_212' title='bbox 1166 3111 1242 3175; x_wconf 80' lang='lat' dir='ltr'><strong>llaec</strong></span> 
     </span>
     <span class='ocr_line' id='line_1_30' title="bbox 149 3201 1240 3288; baseline 0.007 -24"><span class='ocrx_word' id='word_1_213' title='bbox 149 3205 257 3266; x_wconf 85' lang='lat' dir='ltr'><strong>vocari</strong></span> <span class='ocrx_word' id='word_1_214' title='bbox 274 3202 381 3264; x_wconf 90' lang='lat' dir='ltr'><strong>solent</strong></span> <span class='ocrx_word' id='word_1_215' title='bbox 396 3201 482 3281; x_wconf 78' lang='lat' dir='ltr'><strong>leges</strong></span> <span class='ocrx_word' id='word_1_216' title='bbox 497 3201 643 3275; x_wconf 71' lang='lat' dir='ltr'><strong>coemisse,</strong></span> <span class='ocrx_word' id='word_1_217' title='bbox 658 3201 809 3264; x_wconf 72' lang='lat' dir='ltr'><strong>achatius</strong></span> <span class='ocrx_word' id='word_1_218' title='bbox 825 3201 908 3265; x_wconf 86' lang='lat' dir='ltr'><strong>iorte</strong></span> <span class='ocrx_word' id='word_1_219' title='bbox 918 3205 1031 3288; x_wconf 20' lang='lat' dir='ltr'><strong>&#39;vocari</strong></span> <span class='ocrx_word' id='word_1_220' title='bbox 1049 3215 1182 3285; x_wconf 88' lang='lat' dir='ltr'><strong>possent</strong></span> <span class='ocrx_word' id='word_1_221' title='bbox 1194 3209 1240 3272; x_wconf 90' lang='lat' dir='ltr'><strong>lc·</strong></span> 
     </span>
     <span class='ocr_line' id='line_1_31' title="bbox 149 3300 1241 3383; baseline 0.007 -20"><span class='ocrx_word' id='word_1_222' title='bbox 149 3319 204 3383; x_wconf 75' lang='lat' dir='ltr'><strong>ges</strong></span> <span class='ocrx_word' id='word_1_223' title='bbox 226 3301 428 3383; x_wconf 75' lang='lat' dir='ltr'><strong>procidentiae</strong></span> <span class='ocrx_word' id='word_1_224' title='bbox 453 3303 487 3361; x_wconf 87' lang='lat' dir='ltr'><strong>in</strong></span> <span class='ocrx_word' id='word_1_225' title='bbox 515 3300 658 3380; x_wconf 84' lang='lat' dir='ltr'><strong>physicis</strong></span> <span class='ocrx_word' id='word_1_226' title='bbox 685 3300 814 3380; x_wconf 74' lang='lat' dir='ltr'><strong>legibus</strong></span> <span class='ocrx_word' id='word_1_227' title='bbox 842 3303 1034 3376; x_wconf 89' lang='lat' dir='ltr'><strong>statuendis,</strong></span> <span class='ocrx_word' id='word_1_228' title='bbox 1051 3322 1088 3365; x_wconf 90' lang='lat' dir='ltr'><strong>ac</strong></span> <span class='ocrx_word' id='word_1_229' title='bbox 1114 3316 1241 3371; x_wconf 82' lang='lat' dir='ltr'><strong>naturae</strong></span> 
     </span>
     <span class='ocr_line' id='line_1_32' title="bbox 150 3398 1240 3480; baseline 0.006 -18"><span class='ocrx_word' id='word_1_230' title='bbox 150 3416 250 3462; x_wconf 90' lang='lat' dir='ltr'><strong>cursu</strong></span> <span class='ocrx_word' id='word_1_231' title='bbox 267 3399 452 3479; x_wconf 78' lang='lat' dir='ltr'><strong>dirigendo.</strong></span> <span class='ocrx_word' id='word_1_232' title='bbox 469 3398 553 3460; x_wconf 90' lang='lat' dir='ltr'><strong>Sunt</strong></span> <span class='ocrx_word' id='word_1_233' title='bbox 567 3405 675 3461; x_wconf 86' lang='lat' dir='ltr'><strong>autem</strong></span> <span class='ocrx_word' id='word_1_234' title='bbox 691 3409 724 3461; x_wconf 90' lang='lat' dir='ltr'><strong>et</strong></span> <span class='ocrx_word' id='word_1_235' title='bbox 746 3399 825 3478; x_wconf 76' lang='lat' dir='ltr'><strong>ipse</strong></span> <span class='ocrx_word' id='word_1_236' title='bbox 854 3400 937 3462; x_wconf 92' lang='lat' dir='ltr'><strong>adeo</strong></span> <span class='ocrx_word' id='word_1_237' title='bbox 962 3401 1152 3480; x_wconf 81' lang='lat' dir='ltr'><strong>manifestae,</strong></span> <span class='ocrx_word' id='word_1_238' title='bbox 1169 3416 1240 3470; x_wconf 81' lang='lat' dir='ltr'><strong>ula</strong></span> 
     </span>
     <span class='ocr_line' id='line_1_33' title="bbox 149 3496 1240 3588; baseline 0.006 -27"><span class='ocrx_word' id='word_1_239' title='bbox 149 3498 282 3561; x_wconf 89' lang='lat' dir='ltr'><strong>nemine</strong></span> <span class='ocrx_word' id='word_1_240' title='bbox 299 3498 333 3558; x_wconf 92' lang='lat' dir='ltr'><strong>in</strong></span> <span class='ocrx_word' id='word_1_241' title='bbox 348 3496 487 3559; x_wconf 91' lang='lat' dir='ltr'><strong>dubium</strong></span> <span class='ocrx_word' id='word_1_242' title='bbox 503 3496 620 3558; x_wconf 92' lang='lat' dir='ltr'><strong>adduci</strong></span> <span class='ocrx_word' id='word_1_243' title='bbox 643 3499 787 3578; x_wconf 90' lang='lat' dir='ltr'><strong>possint;</strong></span> <span class='ocrx_word' id='word_1_244' title='bbox 804 3500 1050 3588; x_wconf 81' lang='lat' dir='ltr'><strong>eaequepartim</strong></span> <span class='ocrx_word' id='word_1_245' title='bbox 1066 3505 1240 3583; x_wconf 83' lang='lat' dir='ltr'><strong>experien-</strong></span> 
     </span>
     <span class='ocr_line' id='line_1_34' title="bbox 147 3594 1239 3685; baseline 0.008 -25"><span class='ocrx_word' id='word_1_246' title='bbox 147 3595 444 3671; x_wconf 84' lang='lat' dir='ltr'><strong>tiaetinductione,</strong></span> <span class='ocrx_word' id='word_1_247' title='bbox 456 3594 573 3674; x_wconf 91' lang='lat' dir='ltr'><strong>partim</strong></span> <span class='ocrx_word' id='word_1_248' title='bbox 582 3597 819 3660; x_wconf 80' lang='lat' dir='ltr'><strong>exdivinorum</strong></span> <span class='ocrx_word' id='word_1_249' title='bbox 831 3597 1063 3662; x_wconf 87' lang='lat' dir='ltr'><strong>attributorum</strong></span> <span class='ocrx_word' id='word_1_250' title='bbox 1077 3614 1239 3685; x_wconf 87' lang='lat' dir='ltr'><strong>conceptu</strong></span> 
     </span>
     <span class='ocr_line' id='line_1_35' title="bbox 148 3694 861 3775; baseline 0.001 -17"><span class='ocrx_word' id='word_1_251' title='bbox 148 3696 426 3759; x_wconf 86' lang='lat' dir='ltr'><strong>demonstrantur.</strong></span> <span class='ocrx_word' id='word_1_252' title='bbox 445 3694 567 3759; x_wconf 75' lang='lat' dir='ltr'><strong>Reduci</strong></span> <span class='ocrx_word' id='word_1_253' title='bbox 588 3704 726 3775; x_wconf 90' lang='lat' dir='ltr'><strong>possunt</strong></span> <span class='ocrx_word' id='word_1_254' title='bbox 738 3696 778 3756; x_wconf 89' lang='lat' dir='ltr'><strong>ad</strong></span> <span class='ocrx_word' id='word_1_255' title='bbox 794 3713 861 3759; x_wconf 83' lang='lat' dir='ltr'><strong>sex.</strong></span> 
     </span>
    </p>

    <p class='ocr_par' dir='ltr' id='par_1_9' title="bbox 144 3790 1241 4077">
     <span class='ocr_line' id='line_1_36' title="bbox 189 3790 1241 3878; baseline 0.01 -22"><span class='ocrx_word' id='word_1_256' title='bbox 189 3793 204 3821; x_wconf 88' lang='lat'><strong>*</strong></span> <span class='ocrx_word' id='word_1_257' title='bbox 218 3790 292 3856; x_wconf 77' lang='lat'><strong>410.</strong></span> <span class='ocrx_word' id='word_1_258' title='bbox 307 3793 417 3856; x_wconf 80' lang='lat' dir='ltr'><strong>Prima</strong></span> <span class='ocrx_word' id='word_1_259' title='bbox 429 3793 536 3855; x_wconf 89' lang='lat' dir='ltr'><strong>vocari</strong></span> <span class='ocrx_word' id='word_1_260' title='bbox 553 3803 659 3874; x_wconf 91' lang='lat' dir='ltr'><strong>potest</strong></span> <span class='ocrx_word' id='word_1_261' title='bbox 675 3792 726 3855; x_wconf 87' lang='lat' dir='ltr'><strong>lex</strong></span> <span class='ocrx_word' id='word_1_262' title='bbox 741 3794 903 3872; x_wconf 60' lang='lat' dir='ltr'><strong>utilitatum</strong></span> <span class='ocrx_word' id='word_1_263' title='bbox 923 3812 1028 3878; x_wconf 90' lang='lat' dir='ltr'><strong>eoque</strong></span> <span class='ocrx_word' id='word_1_264' title='bbox 1048 3801 1241 3866; x_wconf 83' lang='lat' dir='ltr'><strong>enuntiatur</strong></span> 
     </span>
     <span class='ocr_line' id='line_1_37' title="bbox 146 3891 1236 3983; baseline 0.01 -28"><span class='ocrx_word' id='word_1_265' title='bbox 146 3893 308 3955; x_wconf 78' lang='lat' dir='ltr'><strong>axiomate</strong></span> <span class='ocrx_word' id='word_1_266' title='bbox 325 3908 333 3956; x_wconf 73' lang='grc' dir='ltr'>ε</span> <span class='ocrx_word' id='word_1_267' title='bbox 349 3891 477 3954; x_wconf 85' lang='lat' dir='ltr'><strong>Nature</strong></span> <span class='ocrx_word' id='word_1_268' title='bbox 497 3893 579 3954; x_wconf 83' lang='lat' dir='ltr'><strong>nihil</strong></span> <span class='ocrx_word' id='word_1_269' title='bbox 592 3893 825 3983; x_wconf 65' lang='lat' dir='ltr'><strong>sccitsrurtrc.</strong></span> <span class='ocrx_word' id='word_1_270' title='bbox 842 3893 930 3957; x_wconf 78' lang='lat' dir='ltr'><strong>Alibi</strong></span> <span class='ocrx_word' id='word_1_271' title='bbox 947 3896 1133 3975; x_wconf 86' lang='lat' dir='ltr'><strong>docuimus,</strong></span> <span class='ocrx_word' id='word_1_272' title='bbox 1151 3918 1236 3982; x_wconf 88' lang='lat' dir='ltr'><strong>quo·</strong></span> 
     </span>
     <span class='ocr_line' id='line_1_38' title="bbox 144 3988 1236 4077; baseline 0.006 -20"><span class='ocrx_word' id='word_1_273' title='bbox 144 3989 248 4057; x_wconf 87' lang='lat' dir='ltr'><strong>modo</strong></span> <span class='ocrx_word' id='word_1_274' title='bbox 262 3991 305 4052; x_wconf 88' lang='lat' dir='ltr'><strong>sit</strong></span> <span class='ocrx_word' id='word_1_275' title='bbox 325 3990 387 4052; x_wconf 92' lang='lat' dir='ltr'><strong>hoc</strong></span> <span class='ocrx_word' id='word_1_276' title='bbox 403 3988 530 4053; x_wconf 79' lang='lat' dir='ltr'><strong>axioma</strong></span> <span class='ocrx_word' id='word_1_277' title='bbox 555 3990 806 4071; x_wconf 75' lang='lat' dir='ltr'><strong>intelligendum</strong></span> <span class='ocrx_word' id='word_1_278' title='bbox 824 3992 869 4072; x_wconf 78' lang='lat' dir='ltr'><strong>(L.</strong></span> <span class='ocrx_word' id='word_1_279' title='bbox 885 3992 966 4074; x_wconf 75' lang='lat'><strong>4903</strong></span> <span class='ocrx_word' id='word_1_280' title='bbox 983 3993 1021 4059; x_wconf 89' lang='lat'><strong>0.</strong></span> <span class='ocrx_word' id='word_1_281' title='bbox 1038 3995 1122 4077; x_wconf 67' lang='lat'><strong>288).</strong></span> <span class='ocrx_word' id='word_1_282' title='bbox 1140 4001 1236 4074; x_wconf 79' lang='lat' dir='ltr'><strong>Quod</strong></span> 
     </span>
    </p>
   </div>
   <div class='ocr_carea' id='block_1_5' title="bbox 0 0 1400 4600">
    <p class='ocr_par' dir='ltr' id='par_1_10' title="bbox 0 0 1400 4600">
     <span class='ocr_line' id='line_1_39' title="bbox 0 0 1400 4600; baseline 0 3"><span class='ocrx_word' id='word_1_283' title='bbox 0 0 1400 4600; x_wconf 95' lang='lat' dir='ltr'><strong> </strong></span> 
     </span>
    </p>
   </div>
  </div>
 </body>
</html>
