2792 4600
231 322 291 388 146
424 326 438 362 '·
529 382 531 386 ,
685 337 856 395 onronoon.

230 455 318 536 quod
336 454 370 515 in
387 453 573 517 intentione
586 453 647 515 luit
658 453 825 528 ultimum,
836 459 934 536 atque
949 451 1068 515 ultimo
1083 453 1320 534 sequiturtinis

229 553 402 617 assecutio.
419 555 489 618 lam
507 551 653 615 medium
668 551 749 613 illud
764 550 851 631 quod
867 550 975 631 primo
988 548 1164 614 adhibetur
1179 550 1213 612 in
1226 569 1318 613 exsc-

230 651 373 715 cutionis
387 652 515 727 ordine,
532 651 626 715 nullo
643 650 821 731 pactolinis
834 649 992 711 rationem
1009 649 1214 711 habetznihil
1229 650 1318 713 enim

227 740 319 811 ¹aliud
336 749 396 812 luit
413 758 548 830 propter
575 748 656 812 illud
673 748 832 824 electum;
849 747 905 809 sed
924 745 1070 808 medium
1096 747 1184 827 quod
1200 765 1319 810 secun·

229 846 308 910 dum
325 848 434 910 locum
461 855 610 927 occupat,
625 847 690 925 jam
709 845 870 907 rationem
897 843 972 906 linis
990 844 1087 905 habet
1115 862 1180 925 prae
1197 847 1318 926 primo,

230 947 308 1026 quia
333 948 476 1028 primum
493 945 555 1008 fuit
582 946 721 1007 electum
740 954 874 1025 proptor
890 943 1018 1023 ipsum,
1035 953 1066 1004 et
1084 944 1145 1006 hoc
1171 944 1319 1008 medium

229 1045 409 1107 secundum
427 1044 549 1106 dicitur
573 1044 647 1105 linis
663 1041 846 1122 proximus.
864 1041 984 1103 Caetera
1012 1041 1120 1102 media
1138 1051 1214 1104 sunt
1236 1042 1319 1107 fines

230 1144 360 1216 remoti,
377 1161 518 1223 quorum
534 1142 634 1204 series
651 1139 737 1202 sistit
754 1140 786 1201 in
805 1139 869 1200 fine
895 1138 1024 1202 ultimo.
1042 1141 1200 1204 Mercator
1219 1160 1249 1204 v.
1266 1160 1317 1222 gr.

193 1228 195 1231 ¹
230 1242 329 1305 domo
344 1242 522 1322 egreditur,
539 1240 606 1303 adit
622 1239 742 1313 forum,
761 1239 954 1319 negotiatur,
973 1238 1106 1300 lucrum·
1122 1240 1318 1320 assequitur,

230 1351 260 1401 et
276 1341 308 1402 iu
327 1342 389 1403 hoc
404 1352 435 1401 et
451 1339 484 1402 in
501 1339 575 1401 aliis
590 1337 746 1401 omnihus
763 1355 978 1420 quacumque
994 1336 1070 1417 agit,
1088 1355 1179 1400 suam
1200 1338 1321 1419 quaerit

230 1438 430 1501 felicitatem.
450 1440 484 1501 ln
512 1439 571 1501 hac
585 1439 669 1501 serie
697 1437 836 1500 felicitas
851 1448 899 1499 est
915 1436 990 1498 finis
1007 1436 1157 1513 ultimus,
1174 1436 1322 1518 egressio

229 1556 266 1599 ex
283 1538 415 1619 propria
441 1538 540 1601 domo
559 1537 633 1599 linis
661 1537 841 1618 proximus,
861 1545 974 1599 caetera
1002 1536 1083 1598 fines
1108 1536 1243 1613 remoti,
1261 1537 1320 1600 ille

229 1647 335 1699 autem
354 1645 460 1700 motus
477 1656 575 1719 quem
598 1639 787 1725 ensequitur
802 1637 841 1698 ad
869 1630 1117 1716 egrediendum,
1136 1654 1253 1717 purum
1270 1644 1320 1701 est

230 1735 388 1811 medium,
406 1736 493 1816 quod
512 1736 635 1799 nullam
651 1735 726 1799 tinis
742 1735 903 1798 rationem
919 1734 1028 1799 habet.

269 1866 340 1929 0298.
368 1867 597 1930 Animadverte
613 1868 645 1929 1ο
660 1868 775 1931 Finem
791 1866 945 1929 ultimum
962 1866 1064 1928 alium
1081 1886 1150 1930 esse
1170 1868 1320 1946 simplici·

228 1976 272 2028 ter
287 1967 453 2040 ultimum,
471 1967 572 2028 alium
594 1967 760 2028 secundum
776 1967 860 2046 quid.
879 1964 934 2027 Est
960 1964 1161 2046 simplicitur
1180 1966 1319 2030 ultimus

229 2063 285 2125 ille
296 2063 371 2125 linis
386 2063 426 2126 ad
442 2082 539 2144 quem
553 2081 650 2144 agens
665 2082 700 2125 se
713 2063 845 2125 ordinat
856 2072 888 2125 ct
902 2081 960 2126 sua
975 2063 1097 2137 omnia,
1123 2063 1246 2144 quique
1274 2062 1319 2127 ad

228 2163 352 2225 nullam
369 2163 471 2225 alium
487 2163 584 2225 finem
601 2163 786 2225 ordinatur.
803 2162 859 2225 Est
875 2162 1011 2226 ultimus
1037 2164 1218 2226 secundum
1234 2164 1317 2244 quid

228 2260 303 2324 linis
320 2261 376 2323 ille
392 2261 447 2341 qui
472 2260 512 2323 ad
539 2260 668 2323 nullum
695 2260 796 2324 alium
813 2260 912 2323 linem
928 2260 1081 2338 refertur,
1099 2263 1138 2323 ad
1156 2258 1320 2344 quem'ta·
1373 2264 1374 2269 ’

228 2378 301 2422 men
319 2377 384 2423 non
401 2361 512 2423 omnia
528 2359 728 2433 referuntur,
743 2360 799 2422 sed
813 2362 921 2423 solum
935 2360 1047 2441 aliqua
1059 2362 1235 2443 peculiaris
1250 2380 1320 2427 me·
1371 2427 1373 2436 ,

227 2459 486 2523 diorumscrics.
855 2467 858 2472 ’

267 2574 297 2636 2.
313 2573 427 2636 Finem
440 2574 621 2636 secundum
638 2574 716 2655 quid
735 2575 887 2637 ultimum
903 2593 995 2655 posse
1008 2593 1078 2636 osse
1090 2576 1199 2655 ipsum
1216 2576 1318 2639 linem

228 2689 427 2754 proximum.

267 2789 301 2851 5⁰
321 2790 412 2850 lunc
437 2788 539 2869 magis
557 2790 689 2871 proprie
716 2789 814 2852 finem
840 2791 1025 2871 proximum
1052 2801 1083 2853 et
1098 2799 1230 2867 caeteros
1256 2792 1316 2873 qui

226 2897 302 2948 sunt
324 2886 409 2948 inter
432 2886 617 2967 proximum
640 2899 672 2950 et
694 2889 867 2962 ultimum,
893 2890 1051 2953 rationem
1075 2888 1151 2951 linis
1175 2889 1318 2964 habere,
1371 2943 1372 2946 ,

226 3003 328 3066 quum
352 3003 418 3048 non
434 2987 533 3049 modo
549 2988 670 3067 singuli
687 2997 764 3050 sunt
779 2988 922 3050 rationes
938 2996 1072 3069 propter
1088 3007 1168 3069 quas
1185 2988 1316 3070 aliquid
1371 2993 1372 3010 ²

175 3112 177 3115 >
226 3084 315 3146 aliud
329 3092 467 3158 ametur,
478 3085 533 3147 sed
547 3085 645 3146 etiam
658 3085 720 3165 ipsi
737 3092 871 3166 propter
882 3104 916 3148 se
927 3097 1077 3148 amantur
1090 3096 1119 3148 et
1137 3086 1321 3148 intendun-

228 3193 291 3257 tur,
310 3201 497 3264 quanquam
512 3184 561 3246 vel
584 3183 711 3246 ratione
728 3184 777 3246 sui
792 3184 851 3255 ¹vel
868 3203 906 3245 ex
922 3184 1048 3264 agentis
1075 3183 1258 3246 intentione
1274 3181 1319 3244 ad
1370 3263 1371 3266 Ἴ

227 3280 353 3361 aliquid
382 3281 470 3344 aliud
498 3283 715 3346 ordinentur:
734 3284 797 3344 hoc
813 3283 900 3344 enim
918 3292 966 3344 est
982 3282 1056 3344 finis
1083 3283 1223 3344 maxime
1238 3298 1320 3362 pro·
1370 3303 1371 3362 ᾗ

229 3380 350 3460 prium,
368 3390 403 3442 ut
418 3390 552 3462 propter
568 3399 601 3442 se
617 3392 754 3443 ametur.
1370 3365 1371 3378 ¹

268 3514 302 3575 4⁰
318 3509 520 3592 Quandoque
536 3511 657 3592 aliquis
673 3512 748 3573 finis
765 3521 898 3593 propter
914 3531 948 3575 se
964 3511 1123 3593 diligitur,
1137 3510 1193 3573 sed
1220 3510 1266 3572 ita
1281 3518 1324 3574 ut
1369 3585 1370 3600 χ

228 3609 267 3670 ad
294 3610 456 3690 agendum
472 3627 602 3673 movere
618 3628 683 3673 non
701 3611 814 3686 valeat,
833 3610 895 3671 nisi
913 3611 997 3673 alius
1023 3628 1156 3691 quoque
1175 3608 1251 3671 finis
1266 3607 1320 3672 uel
1369 3613 1370 3700 l

227 3726 301 3771 cum
319 3709 377 3771 illo
394 3709 439 3770 vel
457 3708 621 3770 mediante
637 3708 696 3770 illo
713 3709 919 3787 intendatur;
934 3719 1013 3790 tunc
1026 3712 1152 3791 primus
1169 3708 1225 3771 ille
1240 3707 1322 3772 finis
1369 3705 1370 3744 ¹

227 3807 349 3870 dicitur
363 3809 573 3883 secundarius,
587 3808 669 3871 alter
681 3809 877 3890 principalis.
893 3808 1087 3885 coordinati,
1102 3810 1129 3871 si
1142 3825 1227 3873 unus
1240 3824 1320 3870 oum
1367 3795 1369 3876 Ῑ

227 3907 330 3969 altero
358 3907 547 3970 intendatur
567 3925 576 3985 ;
600 3908 802 3986 subordinati,
831 3908 858 3970 si
886 3926 972 3972 uuus
1000 3919 1134 3991 propter
1162 3908 1318 3971 alterum.
1368 3903 1369 3938 ³

227 4003 383 4086 Exempla
400 4005 629 4087 uuusquisque
643 4005 677 4069 in
692 4006 802 4088 seipso
817 4007 970 4089 reperiet.
