2792 4600
217 329 279 395 eto
649 340 842 389 cossotocn.

214 465 298 529 tium
316 458 544 540 imaginarium
567 455 653 518 reale
680 455 767 529 lacit,
795 467 1028 537 etcorporum
1055 455 1307 519 constitutivum

216 573 372 626 aeternum
399 565 496 637 atque
522 553 786 634 improductum;
817 553 890 616 illas
917 554 1053 636 insuper
1081 555 1179 633 hujus
1205 553 1310 634 spatii

212 666 335 743 partes,
352 654 537 737 quibusvis
559 652 733 715 resistendi
758 652 880 716 tributa
892 652 1026 726 dicitur,
1043 651 1181 716 mobiles
1191 654 1307 733 ponit,

216 775 292 822 cum
307 755 403 837 spatii
420 763 526 835 partes
549 769 664 814 omnes
679 752 866 815 immobiles
888 751 1019 833 concipi
1047 754 1230 815 necessario
1245 752 1308 814 dc-

216 858 327 921 heaut.

258 953 407 1019 Secunda
419 968 551 1031 quoque
564 949 755 1030 hypothesis
766 948 893 1011 admitti
904 949 1031 1030 nequit.
1046 948 1124 1022 Quis
1135 947 1225 1011 enim
1238 948 1309 1012 dici

214 1056 309 1127 ierat,
322 1068 458 1130 vacuum
474 1049 576 1113 fuisse
592 1048 811 1128 productum?

260 1152 295 1216 4⁰
316 1150 460 1215 Tandem
490 1148 542 1209 his
571 1147 647 1209 addi
679 1155 786 1228 potest
814 1146 897 1210 ratio
923 1148 1120 1230 theologica.
1150 1148 1185 1211 Si
1215 1147 1309 1210 enim

220 1249 365 1317 extensio
377 1266 414 1310 ac
422 1245 594 1310 resistendi
607 1245 1076 1324 viscorporeamsuhstantiam
1089 1246 1308 1320 constituunt,

220 1351 300 1434 quid
318 1349 382 1429 jam
410 1344 595 1427 prohibeat,
622 1344 801 1425 quominus
823 1344 858 1406 in
882 1345 1110 1422 eucharisticis
1134 1346 1310 1427 symbolis,

220 1449 315 1531 panis
333 1443 468 1524 vinique
482 1442 683 1505 substantias
695 1442 816 1505 servari
833 1443 999 1508 dicamusi

260 1546 312 1611 88.
336 1544 435 1606 Proh.
452 1543 482 1606 θ’
497 1559 583 1622 pars.

254 1645 318 1706 'Vel
333 1642 419 1703 binae
431 1640 496 1702 illae
508 1638 669 1700 realitates
681 1646 851 1719 ponuntur
862 1657 932 1702 esse
946 1647 1052 1720 partes
1064 1640 1163 1702 atomi
1176 1657 1313 1721 semper

222 1748 461 1826 permanentes,
488 1738 537 1800 vel
564 1737 663 1800 altera
687 1754 881 1818 permanens
907 1755 990 1812 esse,
1013 1737 1115 1801 altera
1139 1738 1315 1802 variabilis

222 1840 322 1905 modo
344 1836 567 1918 peripatetico.

160 1955 179 1986 ·
264 1940 297 2003 Si
312 1938 455 2018 primurn
468 1934 569 2008 dicas,
583 1933 805 1997 necessarium
818 1950 883 1997 non
897 1943 956 2010 est,
970 1952 1030 1996 nec
1043 1934 1175 2015 probari
1188 1944 1310 2016 potest,

223 2023 369 2101 atomum
385 2032 512 2095 duabus
525 2031 596 2094 istis
611 2030 815 2093 realitatihus
830 2041 990 2108 constare,
1004 2025 1111 2112 neque
1127 2034 1312 2114 proprieta-

224 2146 305 2210 tum,
323 2151 396 2215 quae
409 2132 449 2194 ab
466 2131 507 2193 iis
533 2131 701 2193 dimanare
724 2130 892 2205 dicuntur,
920 2131 1142 2196 consideratio
1159 2134 1222 2196 hoc
1236 2132 1314 2197 ullo

222 2234 323 2300 modo
336 2229 463 2314 prohat,
480 2237 517 2291 ut
530 2247 606 2292 mor
621 2228 819 2291 ridebimus.

265 2332 297 2396 Si
315 2332 404 2392 dicas
418 2329 569 2404 alterum,
587 2328 704 2408 opinio
716 2329 785 2390 haec
796 2328 987 2392 excludetur
998 2328 1118 2393 iisdem
1131 2330 1196 2393 lere
1210 2347 1312 2411 argu·

223 2422 445 2508 mentis,*quoe
471 2425 504 2487 in
522 2425 748 2506 propositione
774 2425 968 2507 precedenti
989 2426 1085 2490 allata
1099 2438 1176 2491 sunt
1194 2435 1312 2491 contra

224 2524 436 2609 hypothesim
452 2523 696 2603 peripateticam
712 2523 752 2584 ad
768 2533 894 2587 atomos
908 2524 1106 2590 translatam.

265 2623 317 2688 89.
342 2620 440 2697 Proh.
463 2623 494 2684 ὅ·
508 2639 593 2702 pars.

265 2723 458 2801 Quanquam
476 2721 544 2782 haec
560 2720 688 2801 opinio,
707 2729 742 2782 ut
756 2708 856 2785 modo
871 2719 1033 2797 diximus,
1045 2721 1162 2786 iisdem
1179 2722 1247 2788 iere
1260 2742 1312 2788 ar·
1354 2710 1364 2727 ⁹

224 2819 390 2904 pumentia
405 2817 704 2898 refutetur,quihus
713 2817 1122 2900 peripateticahypothesis
1134 2823 1309 2902 refellitur,

225 2929 333 2982 tamen
349 2916 389 2978 ab
405 2934 440 2977 ea
458 2914 492 2977 in
510 2914 671 2995 pluribus,
685 2915 791 2997 iisque
806 2915 1036 2979 essentialibus
1048 2918 1167 2983 differt.
1181 2921 1313 2988 Idcirco

225 3016 411 3097 negandum
428 3022 486 3088 est,
504 3012 695 3093 opinionem
721 3014 804 3074 hanc
829 3031 904 3075 cum
921 3014 1133 3096 peripatetica
1148 3021 1313 3085 sententia

224 3113 413 3179 convenire.
944 3182 948 3193 ⁸

267 3213 308 3278 Ut
321 3213 410 3276 enim
427 3209 522 3292 plura
537 3209 697 3285 omittam,
716 3209 747 3270 l⁰
762 3208 889 3272 etiamsi
905 3209 1056 3275 daremus
1072 3224 1217 3317 atomurp
1232 3237 1313 3285 con-

227 3320 311 3374 stare
324 3307 451 3371 duahus
464 3304 677 3380 realitatihus‚
692 3322 832 3386 quarum
840 3306 1310 3395 alterasitradixextensionis,

227 3410 325 3472 altera
338 3406 430 3485 origo
442 3404 574 3478 virium,
588 3420 653 3467 non
666 3422 705 3465 ex
717 3404 1229 3486 ho'cconsequereturrealitatem
1242 3417 1314 3495 pri·

228 3522 316 3569 mam
340 3520 411 3566 esse
427 3500 617 3582 potentiam,
634 3518 706 3582 quae
730 3509 838 3564 actum
864 3504 1009 3583 primum
1028 3509 1158 3571 essendi
1174 3514 1315 3595 recipiat

228 3602 491 3686 persecundam.
507 3597 587 3663 Nam
609 3602 678 3662 haec
692 3600 835 3663 secunda
849 3602 979 3667 realitas
995 3622 1013 3666 a
1028 3622 1090 3687 qua
1104 3610 1189 3672 vires
1204 3611 1315 3678 dima-

211 3713 317 3776 nant,
334 3700 397 3764 erit
411 3698 451 3760 ad
467 3716 631 3761 summum
644 3698 793 3763 conditio
808 3701 1000 3778 necessaria,
1016 3712 1051 3766 ut
1064 3707 1220 3785 extensio,
1238 3722 1319 3791 quoe

228 3799 369 3882 aprima
390 3797 550 3879 procedit,
578 3797 747 3859 sensibilis
761 3796 834 3875 liat;
860 3798 910 3861 vel
936 3801 1046 3878 etiam,
1063 3805 1090 3865 si
1107 3805 1222 3885 placet,
1248 3810 1316 3873 erit

229 3897 377 3962 conditio
392 3895 585 3970 necessaria,
601 3904 638 3958 ut
659 3895 805 3960 extensio
821 3898 959 3977 aprima
981 3901 1127 3964 dimanet
1149 3920 1158 3966 z
1175 3906 1232 3968 sed
1250 3907 1317 3972 hoc

230 4013 298 4064 uon
313 3994 472 4068 obstante,
489 3993 608 4075 poterit
623 3994 729 4075 prima
740 3993 870 4057 realitas
883 4013 951 4060 esse
963 3999 1093 4063 realitas
1106 4002 1243 4067 actualis
1255 4023 1318 4087 per
