2792 4600
471 282 559 329 LIBER
580 284 723 342 QUARTUS,
747 284 838 330 CAPUT
859 284 881 330 1.
907 287 908 290 ’

573 449 738 495 turtcttttts
762 449 810 494 lll.

388 558 431 619 he
445 534 991 643 lecumphysicorumcotttinpcntia.
1094 566 1099 574 ’

184 688 259 755 414.
283 689 330 752 Ac
345 690 428 753 duos
440 691 611 772 oppositos
623 711 751 756 errores
766 692 964 757 refellendos
980 694 1158 757 dicendum
1171 694 1236 758 ali·

137 786 225 866 quid
251 786 282 848 1ο
305 787 346 849 de
372 788 583 869 physicarum
608 789 716 869 legum
737 790 979 870 contingentia;
1003 793 1036 855 2⁰
1059 791 1099 853 de
1120 810 1233 854 earum

91 935 94 939 .
136 883 355 947 certitudine
380 886 439 949 llla
462 895 574 950 contra
597 888 1005 967 pantheistasetdeistas;
1029 891 1097 953 haec
1120 898 1236 953 contra

139 984 328 1047 Humium
320 1003 353 1046 in
368 994 437 1048 tuto
450 984 573 1047 colloco.
580 983 642 1047 nda
657 995 717 1048 est.

188 1086 363 1146 Puerostmo
386 1082 411 1146 1
436 1082 527 1163 Lepet
551 1084 696 1165 physice,
720 1102 899 1165 quanquam
921 1084 1106 1165 hypothetice
1132 1104 1234 1147 ncces-

136 1180 245 1254 sarto,
262 1181 395 1243 absolute
409 1190 510 1243 tamea
525 1182 732 1262 continuentur
753 1183 886 1245 dicende
902 1177 986 1246 sunt.

184 1278 201 1307 *
215 1280 288 1344 llb.
312 1281 405 1355 Quod
429 1280 495 1343 sint
516 1291 602 1344 certe
624 1281 833 1362 hypothetice
858 1282 1061 1359 necessariae,
1082 1283 1232 1345 adversa-

139 1378 217 1450 riis,
232 1378 430 1459 quibuscum
443 1388 616 1453 certamus
634 1378 841 1459 probandum
858 1398 924 1441 non
938 1389 1007 1444 est:
1024 1390 1176 1443 caeterum
1192 1400 1231 1442 ex
1275 1367 1281 1371 ⁸

140 1476 244 1538 dictis
259 1487 376 1557 sponte
392 1475 475 1539 fluit.

184 1574 278 1650 Nam,
294 1584 439 1655 utsupra
452 1575 573 1638 dictum
587 1584 646 1651 est,
663 1575 836 1655 qualitates
851 1594 965 1639 omnes
978 1523 1231 1657 affectionesque

139 1694 323 1757 corporum
340 1676 380 1737 ah
397 1674 626 1738 essentialibus
643 1678 835 1737 eorumdem
850 1676 1104 1758 proprietatibus
1116 1684 1233 1756 sponte

142 1776 318 1850 resultant,
343 1774 371 1835 si
394 1774 544 1854 quaedam
567 1783 732 1855 ponantur
754 1774 959 1838 conditiones
982 1773 1066 1853 (209,
1090 1776 1232 1855 seq.);a

138 1872 1235 1954 qualitatihusautemhuiusmodi,siearumactiononimpediaturf

145 1973 314 2035 naturales
327 1971 582 2034 omnesellectus
591 1973 776 2035 necessario
787 1983 1050 2054 consequuntur:
1065 1989 1131 2035 non
1144 1972 1234 2035 enim

142 2079 224 2154 sunt
236 2071 379 2133 materiae
395 2071 479 2158 vires
496 2070 720 2132 indifferentes
736 2070 909 2146 adactum,
926 2071 982 2133 sed
999 2069 1039 2131 ad
1057 2087 1159 2132 unum
1176 2068 1234 2132 de·

142 2170 339 2232 tertninatae.
354 2169 456 2251 Igitur
469 2178 687 2251 etcorporum
703 2169 873 2250 qualitates
886 2178 917 2231 et
929 2170 1091 2251 naturales
1103 2167 1236 2230 effectus

143 2285 223 2330 curn
239 2268 469 2332 essentialibus
485 2286 660 2349 corporum
678 2267 936 2349 proprietatibus
952 2265 1134 2330 necessario
1153 2281 1234 2328 con·

142 2375 333 2441 nectuntur,
350 2386 415 2429 non
431 2367 568 2447 quidem
584 2366 781 2447 simpliciter
798 2368 853 2429 sed
867 2368 973 2448 posita
988 2365 1192 2430 conditione.

184 2465 201 2495 *
216 2467 289 2531 446.
313 2467 361 2530 Ad
390 2467 592 2546 probandam
620 2466 730 2547 itaque
754 2467 860 2546 legum
878 2466 1089 2547 physicarum
1103 2462 1235 2528 contin·

140 2565 288 2645 gentiam
304 2564 381 2626 satis
397 2564 459 2646 erit
474 2564 656 2638 ostendere,
674 2564 881 2627 conditiones
897 2566 1083 2645 huiusmodi
1101 2563 1233 2627 contin·

141 2671 258 2743 genter
273 2662 364 2742 poni,
382 2670 413 2722 et
429 2680 446 2723 a
461 2679 639 2741 corporum
656 2663 795 2723 essentia
809 2663 994 2725 nullatenus
1007 2663 1177 2743 consequi.
1194 2660 1232 2725 ld

143 2772 255 2825 autern
272 2778 338 2822 non
351 2759 526 2822 difficulter
539 2761 735 2824 ostenditur.
934 2768 937 2776 '

184 2863 269 2926 Sane
284 2858 491 2922 conditiones
503 2859 544 2922 de
556 2860 677 2941 quibus
691 2878 799 2922 sermo
812 2868 869 2937 est,
886 2869 920 2923 ut
937 2880 974 2922 ex
990 2861 1086 2923 (lictis
1098 2859 1234 2939 colliges

143 2958 228 3036 (hot,
245 2959 339 3037 seq.)·,
354 2957 392 3017 ad
412 2957 468 3019 has
485 2957 595 3019 reduci
615 2968 751 3038 possunt
771 2975 778 3020 :
1259 3031 1265 3042 ι

187 3057 217 3119 l⁰
232 3057 272 3121 Ut
284 3055 633 3135 quaedamsubstantiae
646 3057 745 3118 simul
759 3069 1011 3138 componantur,
1026 3058 1232 3138 siveirnpon·

144 3155 302 3218 donabilis
315 3155 455 3217 illacum
470 3154 755 3236 ponderabilibus.
770 3157 836 3219 sive
846 3158 1077 3239 ponderabiles
1087 3157 1171 3218 inter
1183 3174 1229 3218 se.

185 3256 218 3319 2⁰
242 3254 280 3318 Ut
300 3255 363 3317 hoc
378 3263 433 3317 aut
454 3256 512 3319 illo
528 3256 625 3322 modo
654 3257 868 3320 elementares
884 3257 983 3320 atomi
1002 3257 1231 3338 disponantur,
1249 3300 1251 3304 -

142 3363 175 3416 et
191 3352 294 3434 maJor
310 3353 457 3416 minorve
474 3371 586 3418 eurum
600 3354 778 3417 multitudo
791 3366 969 3417 acervatur.
1050 3394 1053 3401 -

186 3452 218 3513 3⁰
241 3450 280 3514 tu
302 3461 409 3513 motus
433 3451 482 3513 vel
502 3452 729 3525 translaturus
753 3453 801 3513 vel
826 3453 1033 3514 molocularts
1049 3452 1233 3543 secundum
1284 3474 1287 3480 ¹
1370 3434 1382 3493 „⁴

144 3568 243 3613 unam
259 3550 435 3612 alteramve
450 3549 680 3627 directionem,
700 3560 731 3613 et
747 3571 820 3614 cum
839 3552 905 3615 hac
915 3552 963 3616 vel
982 3552 1036 3614 illa
1048 3552 1231 3627 velocitate,

143 3651 276 3728 corpori
298 3648 571 3712 communicetur.
851 3664 854 3670 ’

185 3748 219 3810 4θ
241 3749 281 3813 Ut
297 3766 334 3808 ex
358 3747 509 3809 minerali
535 3747 672 3810 materia
696 3764 818 3826 organa
838 3748 988 3827 quaedam
1005 3748 1233 3823 efformentur,

144 3853 266 3907 certam
282 3844 457 3924 quamdam
473 3845 611 3927 figuram
625 3855 656 3908 et
670 3863 778 3922 usum,
792 3854 983 3927 certumque
999 3847 1085 3909 inter
1096 3865 1131 3909 se
1142 3847 1235 3910 ordi·

145 3962 219 4007 uem
238 3942 401 4006 habentia.
