2792 4600
374 353 459 398 tinen
482 353 616 410 sunnine,
639 352 731 398 carun
754 354 787 398 n.
1072 335 1132 398 167

72 473 205 533 instructa
230 467 342 547 digitis
367 467 494 548 aliquid
521 467 740 549 compositum
767 477 826 543 est,
843 468 900 531 sed
927 485 993 532 nou
1014 477 1130 533 totum.

100 565 162 630 bib.
187 564 296 628 niffen
311 582 443 646 quoque
458 573 563 629 totum
576 582 594 627 a
607 564 764 647 perfecto,
781 584 970 647 quanquam
985 568 1081 648 vulgo
1097 575 1132 630 ut

71 680 225 747 synonyma
250 664 489 728 existimentur.
507 666 625 729 Totum
647 664 737 726 enim
755 667 786 728 l⁰
801 674 850 727 est
875 666 909 726 id
925 682 942 726 a
958 684 1025 746 quo
1040 666 1132 729 nulla

70 782 127 845 pars
151 763 238 824 abest
253 781 325 842 quae
350 763 462 826 adesse
477 763 615 847 debeat:
635 750 815 847 perlectum
842 773 949 825 autem
977 764 1010 825 id
1027 783 1044 826 a
1064 782 1132 846 quo

70 862 136 925 nibil
151 851 238 924 abest
252 879 365 923 eorum
383 880 456 941 quae
471 861 535 942 ipsi
549 862 669 924 debent
685 863 803 937 inesse,
817 863 884 924 sive
901 864 969 925 haec
984 863 1051 924 sint
1062 863 1133 940 eius

68 972 155 1042 partes
170 959 235 1021 sive
261 978 339 1022 non.
357 960 412 1022 Sic
426 979 453 1022 v.
470 979 518 1040 gr.
539 961 638 1023 homo
654 961 778 1023 dicitur
794 961 955 1041 perlectus
980 960 1129 1034 scientia,

67 1062 175 1132 virtute,
189 1059 400 1139 experientia,
411 1060 487 1121 licet
501 1060 568 1121 baec
585 1077 651 1122 non
664 1060 731 1121 sint
744 1059 889 1123 bominis
903 1069 1019 1140 partes.
1029 1058 1132 1123 babo-

65 1170 120 1221 tnm
134 1158 171 1218 de
187 1157 284 1218 rebus
299 1158 493 1238 compositis
511 1159 644 1237 proprie
659 1159 800 1234 dieitur;
818 1167 865 1221 est
884 1159 973 1220 enim
989 1158 1023 1219 id
1040 1158 1129 1238 quod

65 1255 139 1317 nulla
153 1255 201 1316 sui
219 1265 310 1334 parte
326 1266 435 1318 caret:
454 1255 633 1335 perlectum
652 1264 809 1320 venetam
825 1257 865 1318 de
880 1257 1064 1335 composito
1079 1255 1131 1316 di-

65 1358 142 1427 titur,
158 1371 255 1434 quam
272 1353 312 1413 de
324 1354 486 1435 simplici;
505 1354 572 1416 imo
587 1354 730 1434 simplici
746 1356 837 1436 prius
849 1373 886 1417 ac
901 1355 1019 1429 verius,
1029 1371 1128 1435 quam

65 1451 226 1532 composito
241 1452 394 1515 convenit
409 1454 544 1534 perlecti
561 1453 656 1517 ratio.

94 1552 158 1615 tlt.
180 1549 297 1613 Totum
314 1552 533 1614 nibilominus
550 1571 614 1634 qua
629 1554 703 1627 tale,
717 1554 781 1615 hoc
797 1552 870 1633 ipso
886 1552 1065 1633 perlectum
1080 1558 1130 1614 est

65 1649 134 1730 quod
150 1659 252 1711 totum
279 1650 465 1726 est-Partes
481 1661 588 1714 autem
615 1652 692 1713 licet
719 1652 753 1712 in
774 1651 887 1730 aliquo
913 1651 1132 1739 entisgenere

66 1747 193 1829 perlectae
218 1748 377 1830 sintque
405 1758 511 1830 partes
533 1760 640 1812 tamen
663 1749 891 1831 multiplieiter
906 1744 991 1812 sunt‘
1007 1750 1130 1829 imper·

66 1846 145 1920 lecte,
163 1856 196 1909 ut
211 1847 279 1910 alio
295 1848 329 1909 in
346 1849 419 1912 loco
436 1848 653 1910 indicavimus
666 1846 764 1925 (toute
779 1865 852 1927 quae
864 1845 1130 1926 imperiectioues

68 1962 157 2008 onnes
172 1965 208 2007 ex
225 1965 265 2009 eo
282 1948 480 2021 derivantur,
497 1948 584 2027 quod
603 1964 677 2026 pars
694 1947 737 2008 sit
758 1955 891 2027 propter
907 1955 1010 2008 totum
1026 1962 1063 2007 ac
1078 1962 1130 2007 res

68 2043 188 2107 alterius.

94 2142 180 2207 ‘bib
197 2144 394 2206 subtiliores
409 2143 659 2219 controversias,
678 2160 751 2223 quae
778 2141 863 2204 iuter
879 2151 1001 2205 veteres
1028 2140 1129 2222 agita-

64 2240 172 2317 bantur,
187 2242 308 2321 ]uverit
320 2242 432 2306 saitem
445 2241 604 2324 attigisse.

93 2338 158 2402 Fuit
172 2351 244 2421 post
257 2340 455 2403 Avieennam
468 2344 504 2419 (ι)
521 2352 552 2403 et
567 2340 701 2404 Scotum
718 2342 755 2418 (a)
768 2339 987 2420 quorumdam
1000 2339 1127 2420 opinio,

63 2447 146 2500 totum
162 2457 271 2520 perse
297 2447 359 2502 eta
376 2447 466 2521 parte
496 2441 541 2502 rei
567 2440 608 2500 ab
630 2438 786 2523 omnibus
802 2437 869 2499 suis
886 2437 1044 2517 partibus,
1061 2453 1130 2500 non

37 2541 38 2544 ’
62 2537 148 2598 solnm
164 2556 313 2600 seorsum
330 2539 555 2612 existentibus,
574 2540 628 2601 sed
644 2536 813 2600 collective
828 2536 968 2616 sumptis
984 2543 1016 2598 et
1030 2535 1128 2599 simul

62 2633 144 2695 unitis
168 2635 342 2716 distingui.
359 2637 476 2700 Totum
496 2640 596 2710 enim,
614 2636 756 2709 aiebant,
774 2636 892 2698 melius
907 2634 1066 2715 quiddam
1082 2641 1130 2696 est

37 2777 38 2792 ι
61 2733 194 2795 omnibus
209 2735 310 2796 simul
328 2736 488 2815 partibus,
505 2741 579 2797 cum
593 2751 797 2815 unaquaeque
811 2751 884 2812 pars
897 2733 930 2793 in
944 2742 1012 2796 toto
1029 2731 1128 2813 perli-

37 2871 38 2900 ι
61 2830 163 2907 cietur;
187 2833 338 2912 quaedam
362 2833 728 2922 insuper-operationes
750 2831 1046 2912 attributionesque
1068 2830 1128 2894 tuti

37 2989 38 3008 ι
61 2930 250 3002 conveniunt,
270 2950 336 2994 nou
353 2951 429 2994 vero
442 2931 590 3012 partibus
606 2931 705 2994 simul
719 2930 877 3012 sumptis;
890 2948 927 2991 ac
942 2929 1075 2991 demum
1090 2946 1130 2991 ex

37 3027 187 3104 partibus
203 3029 304 3091 simul
331 3029 471 3110 sumptis
497 3039 601 3092 totum
630 3030 853 3104 constituitur,
871 3046 1039 3109 quumque
1066 3027 1130 3089 buo

61 3128 276 3205 corrumpitur,
292 3136 398 3208 partes
411 3144 477 3189 non
496 3136 646 3208 pereunt.

90 3222 179 3287 *blo
197 3224 369 3288 Relutatur
386 3227 515 3306 penitus
530 3226 678 3305 opinatio
691 3222 896 3305 hujusmodi,
910 3232 945 3285 ut
957 3223 1020 3283 alia
1032 3221 1130 3285 omit·

61 3331 157 3397 umus,
175 3325 237 3386 hac
254 3342 319 3387 una
334 3324 471 3388 ratione.
486 3324 519 3387 Si
537 3334 643 3387 totum
659 3324 700 3385 ab
716 3323 875 3387 omnibus·
890 3322 1037 3402 partibus
1049 3338 1129 3384 eon·

59 3413 160 3494 junctis
171 3421 399 3501 distinguitur,
409 3422 471 3484 erit
486 3422 611 3503 aliquid
622 3410 768 3503 prolecto
777 3440 836 3501 per
850 3420 939 3501 quod
953 3418 1129 3500 distingui·

61 3529 113 3592 tur;
128 3518 251 3600 aliquid
268 3520 431 3583 videlicet.
446 3522 592 3601 partibus
614 3520 770 3585 omnibus
785 3519 886 3582 unitis
900 3507 1075 3599 adjectum.
1092 3516 1129 3579 ld

61 3633 120 3681 veru
131 3637 187 3699 per
201 3620 292 3700 quod
308 3619 434 3700 aliquid
450 3619 492 3682 ab
508 3619 582 3683 aliis
599 3621 777 3683 intrinsece
792 3629 822 3682 et
837 3637 896 3701 per
907 3637 942 3682 se
957 3617 1131 3698 distingui·

60 3722 110 3790 tur,
125 3719 370 3781 constitutivum
387 3720 477 3782 illius
493 3730 552 3784 est.
570 3722 655 3801 Ergo
671 3721 704 3782 id
722 3737 781 3801 per
800 3719 887 3799 quod
906 3725 1010 3780 tutum
1025 3734 1043 3779 a
1057 3716 1128 3778 suis

61 3814 190 3892 partibus
205 3816 364 3897 distingui
379 3817 512 3895 dicitur,
530 3819 593 3881 erit
607 3835 711 3880 unum
727 3836 765 3880 ex
781 3813 1001 3880 constitutivis
1014 3814 1127 3889 totius,

81 3963 108 4017 lt)
121 3962 250 4022 tteuptoa.
264 3962 305 4009 lib.
321 3963 367 4011 tlt.

83 4034 109 4092 tl)
122 4036 148 4085 ln
158 4036 193 4085 lll
205 4037 267 4084 bist.
275 4050 298 4095 q.
309 4036 342 4085 11.
