2792 4600
156 310 220 373 388
593 322 783 370 cosuonoen.

154 461 228 523 quse
244 450 319 502 sunt
344 438 507 521 principia
534 438 751 513 secundaria;
782 450 852 499 tum
880 456 895 498 a
924 431 1072 518 partibus
1099 436 1253 499 essentiae

158 559 214 602 seu
242 538 454 619 physicisseu
484 536 726 616 metaphysicis,
745 554 817 616 quae
846 542 921 597 sunt
938 534 1254 615 principiaitinadae·

159 648 269 719 quata.

199 751 232 814 4⁰
254 753 389 831 Semper
406 760 513 813 tamen
531 768 597 831 prae
616 749 720 815 oculis
740 749 928 812 habendum
959 757 1018 825 est,
1048 749 1173 813 nullius
1199 749 1250 811 rei

155 821 306 915 obturem
329 867 389 912 nos
405 866 500 930 posse
529 866 726 929 cognoscere
754 849 848 912 aliter
875 845 972 930 quam
1000 866 1036 912 ex
1066 848 1250 933 effectibus,

157 951 215 1032 qui
235 951 275 1012 ab
298 948 367 1029 ejus
388 947 544 1029 potentiis
559 965 596 1009 ac
611 946 736 1010 viribus
754 945 948 1030 procedunt,
966 957 1001 1011 ut
1017 967 1102 1029 saepe
1124 947 1253 1010 dictum

157 1060 217 1115 est.
866 1075 869 1080 >

197 1167 269 1232 ton.
286 1168 378 1231 Juxta
396 1167 464 1228 baec
480 1164 704 1232 deliniendum
722 1165 795 1240 erit,
815 1166 894 1245 quid
910 1171 1032 1227 mturae
1047 1165 1182 1228 nomine
1198 1164 1253 1225 in-

157 1269 335 1348 telligatur,
352 1284 453 1347 quum
472 1283 581 1327 rerum
596 1263 842 1327 universitatem
858 1266 1019 1344 naturaml
1033 1264 1252 1345 appellamus.

153 1367 314 1430 Videlicet
326 1366 386 1426 hae
397 1382 474 1427 voce
484 1362 707 1442 significamus
720 1363 751 1424 l⁰
764 1364 994 1424 mundanorum
1001 1380 1162 1443 corporum
1175 1379 1252 1423 ron·

155 1466 319 1529 necionem
333 1473 360 1526 rt
376 1464 531 1526 ordinem:
553 1464 586 1526 2⁰
607 1463 706 1544 magis
722 1462 845 1543 proprie
866 1461 1104 1542 complecionem
1121 1462 1253 1537 uirium,

155 1585 221 1647 que
244 1565 337 1626 simul
359 1562 536 1625 harmonice
550 1563 772 1641 conspirantes,
804 1563 1038 1624 mundanarum
1065 1561 1252 1623 uicissitudi-

156 1683 232 1727 num
254 1664 360 1724 semem
380 1671 459 1724 certo
479 1660 586 1721 ordine
612 1680 649 1721 uc
669 1661 730 1741 lege
749 1660 903 1741 efficiunt:
930 1663 964 1724 5ο
985 1659 1141 1740 quoniam
1166 1659 1254 1720 vires

158 1780 332 1826 causarum
352 1758 570 1823 secundarum
592 1777 609 1821 a
629 1759 735 1839 prima
754 1752 1041 1839 conseruntque
1062 1759 1251 1821 etiamnum

159 1863 199 1925 iis
225 1860 438 1943 operantibus
466 1859 579 1921 omnia
595 1867 845 1939 operatur‚non
862 1876 936 1922 raro
965 1866 1088 1938 uaturae
1116 1858 1255 1921 nomine

158 1970 279 2024 nuturoe
293 1968 400 2021 auctor
416 1956 496 2019 Drns
513 1957 735 2040 intelligitur..

199 2082 210 2099 '
232 2074 304 2139 tot.
320 2074 440 2137 Praeter
456 2072 618 2154 legitimas
635 2072 734 2155 hujus
748 2074 834 2137 vocis
845 2073 1062 2154 acceptiones,
1076 2074 1149 2136 aliea
1163 2093 1254 2155 quae·

157 2176 233 2239 dem
249 2172 470 2236 memorandae
485 2179 573 2245 sunt,
593 2191 667 2252 quae
681 2173 723 2235 ab
738 2174 886 2237 erroneis
900 2184 931 2236 et
947 2173 1104 2236 obsoletis
1119 2173 1251 2254 opinio·

157 2275 257 2339 uibus
278 2272 439 2353 originem
462 2278 602 2335 traxere.
627 2271 672 2335 Ac
691 2271 799 2353 primo
825 2267 1023 2346 Democrito,
1049 2270 1194 2353 Epicuro
1221 2286 1254 2335 et

119 2366 127 2373 ’
157 2372 262 2435 atheis
284 2380 400 2432 natura
420 2368 573 2449 genitrix,
597 2368 752 2432 detractis
769 2370 971 2450 metaphoris
981 2389 1020 2432 ac
1038 2371 1176 2451 poeticis
1197 2389 1251 2434 or·

158 2469 332 2544 cementis,
345 2468 431 2530 nihil
448 2477 495 2529 est
509 2467 600 2530 aliud
617 2485 717 2548 quam
733 2471 868 2531 materia
883 2471 1002 2531 aeterna
1017 2487 1054 2531 ac
1070 2469 1252 2533 necessaria

156 2585 232 2630 cum
247 2566 316 2629 suis
331 2565 456 2627 viribus
472 2565 577 2626 brutis
598 2584 674 2628 casu
694 2566 908 2646 operantibus
924 2585 932 2642 ;
955 2567 995 2629 de
1014 2569 1108 2648 cujus
1129 2570 1253 2643 erroris
1274 2645 1277 2651 ,

157 2666 355 2740 absurditate
365 2666 431 2744 jam
448 2663 574 2744 aliquid
592 2664 760 2744 attigimus
776 2664 859 2743 (258.
876 2664 948 2740 298,
970 2667 1005 2730 3⁰
1019 2665 1074 2746 5⁰),
1091 2674 1123 2729 et
1138 2684 1252 2730 rursus

160 2766 194 2829 in
206 2763 372 2843 theologia
386 2764 491 2825 fusius
507 2763 762 2843 disputabimus.
1169 2791 1170 2794 ¹

200 2879 359 2942 Platonici
376 2878 573 2958 complures,
592 2879 675 2941 forte
691 2881 772 2960 quia
784 2882 941 2962 quasdam
956 2883 1166 2962 magistriani
1183 2901 1250 2946 me·

157 2982 311 3060 tapboras
327 2997 498 3060 perperam
516 2981 721 3061 interpretati
738 2993 825 3057 sunt,
848 2983 1074 3046 existimarunt
1089 2982 1250 3045 mundum

51 3074 54 3082 ⁴
153 3081 298 3142 immane
313 3079 478 3158 quoddam
495 3079 618 3140 animal
632 3098 713 3144 esse
727 3098 737 3156 ,·
753 3082 846 3161 cujus
867 3082 977 3143 anima
992 3098 1106 3144 omnes
1133 3080 1249 3144 mundi

157 3186 263 3258 partes
278 3176 472 3247 contineret,
491 3184 667 3256 motusque
683 3178 890 3255 gubernaret,
907 3197 1083 3260 rerumque
1099 3166 1251 3243 omnium

156 3276 296 3358 genitrix
311 3282 406 3336 esset.
424 3274 501 3347 Quae
522 3274 638 3355 opinio
655 3275 808 3355 plurimis
826 3277 911 3340 inter
931 3279 1083 3357 antiquos
1104 3278 1251 3358 philoso-

159 3375 243 3455 phos
258 3371 378 3445 arrisit,
397 3380 478 3433 teste
495 3371 671 3437 Plutarcho
688 3377 738 3453 til.
756 3375 830 3439 Istis
846 3376 947 3454 igitur
961 3375 1115 3438 omnibus
1135 3386 1251 3440 natura
1300 3395 1305 3401 ·

157 3483 206 3561 est
227 3471 336 3532 anima
354 3469 482 3533 uruudi.
498 3468 601 3534 Nemo
617 3484 737 3549 autem,
752 3474 906 3548 arbitror,
923 3473 1053 3536 anobis
1074 3485 1249 3555 exspectat,

118 3630 121 3637 .
157 3581 193 3634 ut
208 3577 431 3633 commentum
449 3571 511 3631 boc
525 3570 613 3633 serio
628 3571 829 3635 refellamus.

196 3669 334 3731 tissime
346 3670 496 3730 omnium
513 3672 780 3747 erraruntstoici,
794 3672 850 3752 qui
864 3672 979 3734 mundi
990 3670 1131 3740 animam
1146 3672 1250 3735 Deum

153 3787 228 3832 esse
241 3779 445 3848 putaverunt,
463 3768 520 3847 qui
544 3785 736 3849 corpoream
760 3772 927 3833 materiam
949 3782 1103 3852 tanquam
1119 3772 1250 3835 unitum

149 3865 221 3928 sibi
251 3882 370 3944 corpus
386 3866 587 3948 pervaderet,
617 3877 755 3947 regeret,
777 3869 953 3951 divinaque
979 3870 1105 3934 ratione
1135 3888 1251 3933 omnes

187 4013 220 4072 (1)
238 4014 269 4060 tie
279 4012 343 4071 plur.
349 4010 438 4075 philos.
451 4015 474 4063 t..
488 3975 510 4061 tt
520 4026 542 4064 e.
553 4015 598 4064 ΙΙΙ.
