2792 4600
444 334 531 380 xrsxx
553 335 674 394 ceruus,
698 335 791 381 creor
813 336 859 383 m.
1137 323 1197 387 239

105 449 208 513 Multo
224 449 325 530 magis
339 458 443 531 potest
456 469 530 514 vera
546 452 696 514 doctrina
709 452 867 515 illustrari
879 471 916 515 ac
927 453 1086 516 declarari
1098 456 1196 519 etiam

9 567 13 574 ·
106 566 166 629 per
181 549 326 630 aliquam
341 549 454 612 falsam
470 552 692 632 hypothesim.

147 647 245 726 Resp.
263 650 307 711 2⁰.
323 648 400 728 Nep.
417 650 493 730 maj.
511 649 591 711 Nam
607 636 667 712 nec
681 650 876 730 theologica,
891 669 952 713 nec
965 651 1197 733 philosophica

106 746 380 809 scholasticorum
396 747 546 809 doctrina
561 747 697 810 theoriae
722 748 799 810 huic
822 749 863 810 de
888 767 1064 831 corporum
1081 760 1197 814 natura

106 844 306 907 soliditatem
323 863 417 908 suam
431 846 565 908 dehent.

148 940 241 1012 Quod
258 958 333 1006 vero
346 942 378 1006 S.
392 942 526 1007 Thomas
538 943 687 1006 doctrina
703 944 746 1006 sit
757 945 849 1007 omni
862 945 1071 1007 veneratione
1086 946 1196 1026 digna,

108 1039 141 1099 id
157 1040 245 1101 ultro
261 1041 419 1113 concedo,
436 1037 642 1122 libenterque
659 1041 772 1103 fateor.
803 1042 899 1106 Nulla
925 1051 1031 1104 tamen
1049 1044 1125 1124 ipsi,
1143 1056 1198 1107 aut
1227 1088 1231 1094 -

106 1139 232 1200 caeteris
248 1140 453 1202 scholasticis
468 1139 659 1203 doctoribus
672 1140 835 1221 irrogatur
852 1140 984 1222 injuria,
998 1141 1025 1202 si
1039 1143 1197 1222 quasdam

107 1236 296 1297 christianae
308 1237 466 1299 doctrinm
482 1237 719 1300 illustrationes
735 1247 790 1300 aut
801 1239 1058 1320 explanationes,
1073 1240 1196 1320 quasin

108 1333 149 1396 iis
164 1336 316 1414 legimus,
332 1337 479 1415 quamvis
495 1335 671 1417 ingeniosae
687 1338 754 1399 siut
768 1346 800 1400 et
814 1339 853 1399 ad
871 1339 1123 1418 intelligendum
1136 1341 1198 1404 uti·

7 1473 8 1478 κ
107 1433 166 1507 les,
191 1433 410 1496 nihilominus
439 1442 594 1514 tauquam
625 1435 746 1498 nostris
772 1437 977 1517 temporibus
992 1456 1029 1499 ac
1045 1439 1197 1518 praesenti
1296 1428 1300 1434 ’

7 1535 9 1584 t
107 1532 318 1611 physicarum
345 1531 557 1593 scientiarum
579 1533 674 1594 statui
692 1532 802 1595 minus
822 1535 1082 1598 accommodatas
1102 1554 1197 1617 sepo·

108 1647 234 1692 namus.
707 1675 709 1678 v

149 1729 379 1792 Animaduerto
395 1729 526 1791 tandem
552 1748 618 1793 non
645 1748 773 1810 semper
799 1731 840 1792 de
870 1731 1005 1793 materia
1031 1750 1067 1793 ac
1094 1732 1200 1795 lorma

107 1826 243 1907 physica
254 1829 288 1891 S.
302 1825 436 1890 'l'homae
451 1846 637 1891 sermonem
650 1846 731 1898 esse,
745 1828 800 1889 sed
816 1829 998 1909 sepissime
1010 1829 1051 1891 de
1063 1830 1199 1891 materia

106 1942 144 1987 ac
160 1925 266 1987 torma
280 1925 460 2005 analogica,
477 1927 757 2008 quemadmodum
785 1937 816 1990 et
842 1927 1082 1990 recentioribus
1099 1928 1199 1990 usita-

7 2099 9 2104 .
106 2030 178 2085 tum
195 2034 255 2108 est.

549 2173 678 2238 CAPUT
702 2173 757 2239 111.

452 2305 463 2328 *
484 2319 518 2362 os
538 2318 689 2362 arouonnu
709 2320 850 2363 esserum.
924 2311 929 2320 '

558 2462 722 2529 reuinctus
738 2464 760 2509 1.

396 2575 560 2642 Sententiis
571 2579 708 2658 quedam
719 2575 910 2656 refutantur.

149 2707 201 2769 77.
225 2707 352 2770 Stntnto
374 2708 549 2772 atomismo
571 2708 728 2782 chimico,
756 2709 910 2787 pertinet,
928 2716 964 2770 ut
986 2707 1141 2781 diximus,
1158 2708 1199 2769 ad

106 2808 382 2888 metaphysieum,
396 2816 430 2870 ut
445 2807 590 2887 inquirat
605 2826 646 2869 an
662 2806 808 2886 cognitio
823 2823 1002 2886 corporum
1018 2807 1099 2868 ultra
1112 2806 1206 2868 limi·

107 2913 157 2969 tes
168 2907 378 2987 experientis
391 2906 569 2987 praefinitos
581 2906 756 2969 ratiocinio
769 2905 904 2986 provehi
918 2906 1032 2985 possit.
1046 2905 1200 2977 Quaeren·

7 3008 8 3013 ’
81 3088 84 3093 θ
106 3003 189 3067 dum
203 3015 252 3066 est
267 3004 429 3078 videlicet,
447 3013 558 3067 utrum
571 3004 672 3066 atomi
688 3003 947 3066 substantiarum
964 3003 1104 3067 chimice
1119 3005 1199 3066 sim-

106 3103 248 3184 plicium
269 3104 434 3185 primitiva
459 3120 637 3183 corporum
653 3101 814 3164 elementa
829 3102 906 3177 sint,
923 3119 965 3166 an
980 3120 1057 3165 vero
1072 3122 1111 3164 ex
1125 3102 1200 3165 aliis

106 3203 175 3263 sint
196 3205 408 3283 compositae;
430 3203 738 3283 primitivornmque
754 3201 1003 3275 elementorum,
1026 3200 1201 3282 cujusque-

106 3300 200 3362 modi
217 3301 274 3363 illa
290 3302 367 3375 sint,
382 3299 607 3381 investiganda
623 3299 762 3362 essentia
778 3307 836 3362 est.
990 3383 994 3389 .

143 3398 200 3475 78.
227 3400 479 3467 Praenotandum
507 3408 628 3475 autem,
660 3399 818 3479 possibile
848 3417 930 3473 esse,
957 3398 1046 3480 quod
1062 3398 1198 3480 chimici

106 3499 197 3562 ultro
223 3502 418 3574 concedunt,
448 3499 644 3562 substantias
660 3517 741 3579 quas
757 3498 925 3579 simplices
941 3498 1066 3574 dicunt,
1083 3497 1199 3560 saltem

107 3598 278 3678 quasdam,
305 3617 379 3662 vere
408 3617 478 3662 esse
506 3600 727 3679 compositas:
746 3597 812 3661 imo
839 3597 965 3663 nullam
995 3614 1065 3659 esse
1095 3597 1129 3659 in
1158 3614 1199 3659 eo

108 3698 372 3778 repugnantiam,
388 3697 478 3778 quod
495 3697 593 3760 unica
614 3706 740 3759 tantum
770 3698 810 3779 sit
841 3698 874 3759 in
903 3695 1100 3777 corporibus
1125 3713 1199 3759 vere

108 3793 248 3875 simplex
265 3794 456 3859 substantia.
473 3793 544 3859 Non
571 3795 612 3857 de
641 3796 705 3858 hcc
720 3794 755 3857 lit
768 3812 856 3858 nunc
871 3794 1021 3874 quaestio.
1039 3794 1115 3870 Sed,
1132 3794 1200 3856 sive

108 3892 250 3974 simplex
265 3894 445 3957 substantia
460 3895 503 3956 sit
518 3911 595 3970 nna,
611 3895 677 3957 sive
692 3893 760 3964 sint
784 3893 906 3975 plures,
925 3893 988 3956 hoc
1002 3893 1197 3974 inquiritur,

108 4008 150 4054 an
173 4001 301 4057 atomus
328 3994 518 4079 substantie
544 3994 708 4074 simplicis
730 3993 772 4057 sit
795 3992 999 4074 primitivum
1021 4007 1199 4073 corporum
