2792 4600
443 329 530 375 nnen
551 329 672 388 reinna,
696 328 788 375 canor
810 329 851 375 n.
1149 313 1211 377 263

163 441 234 507 tae.
258 442 341 507 Hinc
365 451 451 521 patet
478 442 648 522 responsio
669 442 709 502 ed
733 442 772 503 1¹¹¹
790 440 943 505 latemur
966 460 1025 506 nos
1056 442 1209 525 ignorare

122 540 271 603 intimem
289 525 444 622 primitivi
464 540 614 621 corporis
629 540 815 615 essentiam,
832 541 854 603 i.
879 559 909 604 e.
932 558 1043 604 carere
1060 542 1212 605 intuitiva

122 630 1210 722 eiuscognitione,conc.,·carereeecognitionequamphilosophus

100 755 103 761 ’
122 754 269 816 querere
283 737 391 812 debet,
405 746 461 801 aut
473 755 544 799 eam
566 747 790 812 contemnere,
812 756 900 819 nepo.
916 738 999 802 ilinc
1012 755 1090 822 nepo
1111 758 1213 802 couse-
1266 737 1268 739 ’

121 853 225 917 ruu-
704 833 707 839 ’

164 930 226 994 Per
240 932 309 995 haee
325 943 412 1013 patet
427 932 598 1014 responsio
614 933 654 995 ad
670 933 711 996 2¹¹¹
725 944 757 996 et
767 932 819 996 5¹¹¹.

117 1083 120 1090 r
163 1031 212 1094 Ad
234 1032 287 1096 4¹¹¹.
299 1032 384 1112 Ncpo
398 1033 431 1093 in
444 1032 706 1095 adversariorum
719 1033 880 1096 sententia
892 1032 1048 1113 explicari
1064 1036 1213 1115 corporis

124 1130 320 1194 essentiam:
346 1130 409 1194 boc
431 1139 516 1212 patet
535 1149 571 1193 ex
589 1131 711 1210 dictis;
732 1140 829 1213 atque
844 1132 925 1195 adeo
938 1151 975 1194 ex
990 1132 1117 1196 ratione
1139 1150 1213 1214 quae

124 1225 308 1307 subjicitur.
327 1229 395 1291 lloc
416 1229 489 1309 ipso
508 1228 596 1290 enim
620 1229 707 1310 qnod
736 1230 897 1292 sententia
913 1231 982 1293 haec
1003 1231 1213 1294 constitutiva
1298 1287 1300 1290 ,

124 1335 307 1389 atomorum
329 1327 482 1408 assignat,
499 1337 531 1389 et
548 1328 757 1390 constitutiva
772 1329 861 1404 talia,
879 1329 1046 1392 averitate
1071 1330 1211 1394 aberrat.

163 1422 211 1485 nd
233 1423 284 1488 4¹¹¹.
307 1421 389 1505 Nepo
412 1442 470 1504 per
492 1424 661 1487 materiam
682 1432 714 1487 et
731 1424 870 1516 formam
893 1427 1050 1507 explicari
1073 1444 1212 1509 regnum

19 1555 21 1590 r
124 1522 293 1598 mineralo,
315 1530 351 1585 ut
369 1522 435 1601 jam
453 1520 608 1608 vidimus,
632 1532 686 1585 ant
697 1542 834 1605 regnum
847 1526 989 1606 vegetato
1005 1535 1039 1588 nt
1056 1544 1116 1589 suo
1138 1526 1213 1591 loco

19 1613 21 1678 t
124 1619 321 1685 videbimus.
343 1620 479 1684 Concedo
497 1619 639 1685 libenter
655 1623 799 1687 materiae
814 1642 851 1686 ac
866 1622 979 1687 formae
1001 1632 1214 1707 conceptusa

125 1720 287 1783 veteribus
304 1720 450 1794 traditos,
474 1719 546 1783 vitae
566 1720 701 1783 animali
722 1721 846 1802 optime
867 1722 1038 1803 applicari,
1067 1734 1103 1786 ut
1130 1721 1213 1784 alibi

126 1817 412 1883 demonstrabitur.
435 1818 566 1881 Materia
584 1836 661 1882 vero
683 1828 715 1882 et
730 1818 834 1882 forma
850 1820 991 1883 atomica
1006 1820 1092 1882 nibil
1108 1820 1213 1902 expli·

126 1924 186 1993 cat,
208 1917 276 1980 imo
298 1918 392 1998 plura
414 1917 587 1999 implicat;
610 1917 750 1980 manime
768 1917 796 1979 si
813 1917 954 1981 materiae
969 1936 1006 1981 ac
1022 1918 1136 1981 iormae
1153 1936 1217 1982 no·

19 2043 21 2084 t
127 2014 214 2077 mine
232 2015 394 2096 principia
413 2015 470 2078 illa
486 2014 552 2078 dno
572 2014 773 2079 extensionis
789 2024 820 2080 et
835 2015 1007 2079 activitatis
1026 2015 1218 2097 intelligan-

127 2122 192 2177 ΜΓ.

563 2277 692 2345 CAPUT
717 2279 769 2342 lV.

347 2412 492 2478 'cuonone
512 2426 546 2469 ex
567 2425 668 2469 eronus
688 2425 816 2469 corrone
834 2425 983 2471 conemur.

568 2568 738 2627 surreptus
759 2568 782 2614 1.

511 2683 657 2747 Notouda
677 2683 828 2765 quedam.

170 2816 241 2881 tae.
264 2815 473 2878 Attractionis
494 2815 619 2878 viribus
637 2825 763 2879 atomos
783 2813 882 2876 simul
902 2812 1084 2876 coalescere
1099 2822 1130 2876 et
1145 2832 1222 2878 cor·

129 2933 207 2997 pora
222 2931 432 2996 componere,
453 2923 579 2976 certum
601 2913 757 2976 omnibus
774 2921 832 2974 est.
850 2910 948 2990 Cujus
962 2910 1139 2975 illustratio
1154 2912 1215 2976 do·

128 3015 242 3078 ctrinae
264 3013 304 3074 ad
324 3012 473 3093 physicas
494 3012 635 3092 pertinet
662 3011 869 3092 disciplinas.
891 3009 962 3073 [tuo
991 3011 1217 3074 tantummodo

129 3112 225 3177 nobis
240 3109 529 3173 animadvertenda
545 3120 633 3172 sunt.

168 3209 318 3272 Primum
334 3215 456 3289 spectat
471 3207 509 3269 ad
526 3207 736 3270 attractiones
751 3223 788 3268 ac
803 3203 1019 3287 repulsiones,
1043 3224 1116 3286 quae
1131 3205 1218 3269 inter

129 3317 254 3372 atomos
267 3306 315 3369 vel
330 3322 469 3385 corpora
481 3315 684 3392 exercentur.
700 3305 744 3366 De
758 3302 880 3383 quibus
894 3303 956 3367 boc
969 3310 1004 3367 nt
1019 3311 1146 3367 certum
1160 3305 1216 3367 ba·

128 3404 199 3468 beri
221 3402 330 3477 debet,
348 3401 473 3464 nullam
496 3400 530 3463 in
550 3401 592 3463 iis
612 3418 682 3463 csse
704 3417 800 3481 posse
820 3401 983 3464 actionem
1013 3401 1047 3463 in
1074 3400 1213 3467 distans.
1251 3470 1262 3475 ,

128 3503 242 3584 Neque
257 3500 342 3562 banc
355 3498 502 3580 profecto
523 3497 650 3579 physici
667 3498 853 3577 requirunt.
869 3499 957 3562 lnter
972 3516 1055 3578 quos
1067 3517 1217 3564 commu·

130 3602 180 3664 nis
196 3598 297 3663 modo
309 3598 470 3661 sententia
488 3607 547 3671 est,
565 3595 774 3659 attractiones
788 3614 825 3658 ac
840 3594 1045 3677 repulsiones
1060 3595 1131 3659 fieri
1148 3615 1218 3661 me·

131 3699 240 3762 diante
255 3696 359 3761 {luido
371 3696 507 3760 elastico
520 3694 790 3777 imponderabili,
811 3693 900 3776 quod
919 3694 1075 3756 aetherem
1088 3706 1216 3760 vocant.

128 3796 176 3861 Ac
187 3795 280 3877 juxta
308 3788 502 3876 opinionem
529 3792 622 3856 valde
643 3790 861 3873 probabilem,
875 3790 989 3868 atomi,
1004 3790 1158 3874 idemque
1171 3793 1218 3856 di·

132 3895 272 3958 cendum
301 3893 342 3957 de
370 3891 578 3974 corporibus,
602 3891 691 3972 quod
714 3889 753 3952 ad
777 3890 927 3953 effectum
952 3890 1078 3966 attinet,
1109 3891 1153 3955 ita
1183 3910 1218 3958 se

134 3992 302 4057 habentad
317 3991 470 4069 invicem,
479 4009 520 4071 ac
532 3991 558 4053 si
568 3990 700 4053 elastica
711 3990 849 4071 quadam
859 3988 972 4071 spirali
985 3980 1218 4056 connecteren-
