<?xml version="1.0" encoding="UTF-8"?>
<!DOCTYPE html PUBLIC "-//W3C//DTD XHTML 1.0 Transitional//EN"
    "http://www.w3.org/TR/xhtml1/DTD/xhtml1-transitional.dtd">
<html xmlns="http://www.w3.org/1999/xhtml" xml:lang="en" lang="en">
 <head>
  <title>
</title>
<meta http-equiv="Content-Type" content="text/html;charset=utf-8" />
  <meta name='ocr-system' content='tesseract 3.04.00' />
  <meta name='ocr-capabilities' content='ocr_page ocr_carea ocr_par ocr_line ocrx_word'/>
</head>
<body>
  <div class='ocr_page' id='page_1' title='image "./institutionesph01tonggoog_0125.png"; bbox 0 0 2792 4600; ppageno 0'>
   <div class='ocr_carea' id='block_1_1' title="bbox 456 337 1232 429">
    <p class='ocr_par' dir='ltr' id='par_1_1' title="bbox 456 337 1232 429">
     <span class='ocr_line' id='line_1_1' title="bbox 456 337 1232 429; baseline 0.008 -15"><span class='ocrx_word' id='word_1_1' title='bbox 456 371 543 415; x_wconf 79' lang='lat' dir='ltr'>ernau</span> <span class='ocrx_word' id='word_1_2' title='bbox 564 340 725 429; x_wconf 79' lang='lat' dir='ltr'>senuimus,</span> <span class='ocrx_word' id='word_1_3' title='bbox 749 372 842 418; x_wconf 82' lang='lat' dir='ltr'>crrur</span> <span class='ocrx_word' id='word_1_4' title='bbox 864 375 915 429; x_wconf 69' lang='lat' dir='ltr'>iv.</span> <span class='ocrx_word' id='word_1_5' title='bbox 1157 337 1232 421; x_wconf 76' lang='lat' dir='ltr'>tto</span> 
     </span>
    </p>
   </div>
   <div class='ocr_carea' id='block_1_2' title="bbox 127 482 1238 961">
    <p class='ocr_par' dir='ltr' id='par_1_2' title="bbox 127 482 1217 760">
     <span class='ocr_line' id='line_1_2' title="bbox 128 482 1217 567; baseline 0.006 -22"><span class='ocrx_word' id='word_1_6' title='bbox 128 482 344 564; x_wconf 77' lang='lat' dir='ltr'>eiusdemque</span> <span class='ocrx_word' id='word_1_7' title='bbox 354 484 566 565; x_wconf 72' lang='lat' dir='ltr'>formalitater,</span> <span class='ocrx_word' id='word_1_8' title='bbox 577 505 649 566; x_wconf 86' lang='lat' dir='ltr'>qnae</span> <span class='ocrx_word' id='word_1_9' title='bbox 666 485 812 567; x_wconf 90' lang='lat' dir='ltr'>ipsorum</span> <span class='ocrx_word' id='word_1_10' title='bbox 825 506 886 550; x_wconf 86' lang='lat' dir='ltr'>vox</span> <span class='ocrx_word' id='word_1_11' title='bbox 901 497 960 550; x_wconf 90' lang='lat' dir='ltr'>est.</span> <span class='ocrx_word' id='word_1_12' title='bbox 971 488 1217 553; x_wconf 84' lang='lat' dir='ltr'>Formalitatum</span> 
     </span>
     <span class='ocr_line' id='line_1_3' title="bbox 127 582 1216 665; baseline 0.007 -24"><span class='ocrx_word' id='word_1_13' title='bbox 127 598 204 643; x_wconf 88' lang='lat' dir='ltr'>rero</span> <span class='ocrx_word' id='word_1_14' title='bbox 213 583 352 647; x_wconf 87' lang='lat' dir='ltr'>nomine</span> <span class='ocrx_word' id='word_1_15' title='bbox 365 582 552 663; x_wconf 80' lang='lat' dir='ltr'>intelligunt</span> <span class='ocrx_word' id='word_1_16' title='bbox 564 584 750 653; x_wconf 88' lang='lat' dir='ltr'>essentialia</span> <span class='ocrx_word' id='word_1_17' title='bbox 764 586 935 664; x_wconf 83' lang='lat' dir='ltr'>praedicata</span> <span class='ocrx_word' id='word_1_18' title='bbox 948 586 1092 665; x_wconf 86' lang='lat' dir='ltr'>ejusdem</span> <span class='ocrx_word' id='word_1_19' title='bbox 1107 590 1153 650; x_wconf 91' lang='lat' dir='ltr'>rei</span> <span class='ocrx_word' id='word_1_20' title='bbox 1166 589 1216 650; x_wconf 87' lang='lat' dir='ltr'>vel</span> 
     </span>
     <span class='ocr_line' id='line_1_4' title="bbox 129 670 861 760; baseline 0.01 -22"><span class='ocrx_word' id='word_1_21' title='bbox 129 677 308 755; x_wconf 86' lang='lat' dir='ltr'>individui,</span> <span class='ocrx_word' id='word_1_22' title='bbox 327 699 401 760; x_wconf 89' lang='lat' dir='ltr'>quae</span> <span class='ocrx_word' id='word_1_23' title='bbox 415 682 634 744; x_wconf 81' lang='lat' dir='ltr'>diversimode</span> <span class='ocrx_word' id='word_1_24' title='bbox 649 670 861 745; x_wconf 88' lang='lat' dir='ltr'>deliniantur.</span> 
     </span>
    </p>

    <p class='ocr_par' dir='ltr' id='par_1_3' title="bbox 127 776 1238 961">
     <span class='ocr_line' id='line_1_5' title="bbox 168 776 1238 863; baseline 0.007 -25"><span class='ocrx_word' id='word_1_25' title='bbox 168 776 227 839; x_wconf 81' lang='lat' dir='ltr'>Hae</span> <span class='ocrx_word' id='word_1_26' title='bbox 243 777 457 841; x_wconf 85' lang='lat' dir='ltr'>formalitates</span> <span class='ocrx_word' id='word_1_27' title='bbox 470 780 558 859; x_wconf 78' lang='lat' dir='ltr'>iuxta</span> <span class='ocrx_word' id='word_1_28' title='bbox 578 781 637 841; x_wconf 87' lang='lat' dir='ltr'>hos</span> <span class='ocrx_word' id='word_1_29' title='bbox 653 789 814 855; x_wconf 80' lang='lat' dir='ltr'><strong>auctores,</strong></span> <span class='ocrx_word' id='word_1_30' title='bbox 830 781 873 842; x_wconf 93' lang='lat' dir='ltr'>ita</span> <span class='ocrx_word' id='word_1_31' title='bbox 885 790 961 843; x_wconf 91' lang='lat' dir='ltr'>sunt</span> <span class='ocrx_word' id='word_1_32' title='bbox 972 779 1167 863; x_wconf 71' lang='lat' dir='ltr'>conjunctae,</span> <span class='ocrx_word' id='word_1_33' title='bbox 1182 793 1238 847; x_wconf 87' lang='lat' dir='ltr'>ut·</span> 
     </span>
     <span class='ocr_line' id='line_1_6' title="bbox 127 875 1217 961; baseline 0.01 -28"><span class='ocrx_word' id='word_1_34' title='bbox 127 890 166 934; x_wconf 90' lang='lat' dir='ltr'>ne</span> <span class='ocrx_word' id='word_1_35' title='bbox 189 875 353 938; x_wconf 87' lang='lat' dir='ltr'>divinitus</span> <span class='ocrx_word' id='word_1_36' title='bbox 380 878 514 956; x_wconf 87' lang='lat' dir='ltr'>quidem</span> <span class='ocrx_word' id='word_1_37' title='bbox 538 878 680 957; x_wconf 92' lang='lat' dir='ltr'>separari</span> <span class='ocrx_word' id='word_1_38' title='bbox 706 880 842 958; x_wconf 78' lang='lat' dir='ltr'>possint,</span> <span class='ocrx_word' id='word_1_39' title='bbox 861 881 927 942; x_wconf 90' lang='lat' dir='ltr'>imo</span> <span class='ocrx_word' id='word_1_40' title='bbox 952 881 1048 961; x_wconf 82' lang='lat' dir='ltr'>plane</span> <span class='ocrx_word' id='word_1_41' title='bbox 1071 881 1217 944; x_wconf 87' lang='lat' dir='ltr'>identifi-</span> 
     </span>
    </p>
   </div>
   <div class='ocr_carea' id='block_1_3' title="bbox 38 972 1218 1057">
    <p class='ocr_par' dir='ltr' id='par_1_4' title="bbox 38 972 1218 1057">
     <span class='ocr_line' id='line_1_7' title="bbox 38 972 1218 1057; baseline 0.008 -24"><span class='ocrx_word' id='word_1_42' title='bbox 38 1050 39 1057; x_wconf 6' lang='grc' dir='ltr'>ἵ</span> <span class='ocrx_word' id='word_1_43' title='bbox 128 980 246 1035; x_wconf 87' lang='lat' dir='ltr'>cantur</span> <span class='ocrx_word' id='word_1_44' title='bbox 265 972 305 1036; x_wconf 72' lang='lat' dir='ltr'>&#39;ac</span> <span class='ocrx_word' id='word_1_45' title='bbox 328 994 395 1037; x_wconf 90' lang='lat' dir='ltr'>rem</span> <span class='ocrx_word' id='word_1_46' title='bbox 419 977 623 1038; x_wconf 89' lang='lat' dir='ltr'>constituunt</span> <span class='ocrx_word' id='word_1_47' title='bbox 646 995 720 1038; x_wconf 86' lang='lat' dir='ltr'>vere</span> <span class='ocrx_word' id='word_1_48' title='bbox 743 995 860 1053; x_wconf 88' lang='lat' dir='ltr'>unam;</span> <span class='ocrx_word' id='word_1_49' title='bbox 878 978 1094 1041; x_wconf 74' lang='lat' dir='ltr'>nihilominus</span> <span class='ocrx_word' id='word_1_50' title='bbox 1117 980 1218 1042; x_wconf 87' lang='lat' dir='ltr'>altera</span> 
     </span>
    </p>
   </div>
   <div class='ocr_carea' id='block_1_4' title="bbox 128 1070 1217 1156">
    <p class='ocr_par' dir='ltr' id='par_1_5' title="bbox 128 1070 1217 1156">
     <span class='ocr_line' id='line_1_8' title="bbox 128 1070 1217 1156; baseline 0.009 -26"><span class='ocrx_word' id='word_1_51' title='bbox 128 1070 168 1131; x_wconf 92' lang='lat' dir='ltr'>de</span> <span class='ocrx_word' id='word_1_52' title='bbox 183 1072 288 1134; x_wconf 86' lang='lat' dir='ltr'>altera</span> <span class='ocrx_word' id='word_1_53' title='bbox 305 1077 414 1155; x_wconf 73' lang='lat' dir='ltr'>negari</span> <span class='ocrx_word' id='word_1_54' title='bbox 439 1074 567 1154; x_wconf 61' lang='lat' dir='ltr'>potest:</span> <span class='ocrx_word' id='word_1_55' title='bbox 578 1075 670 1136; x_wconf 89' lang='lat' dir='ltr'>alteri</span> <span class='ocrx_word' id='word_1_56' title='bbox 688 1083 848 1155; x_wconf 89' lang='lat' dir='ltr'>quatenus</span> <span class='ocrx_word' id='word_1_57' title='bbox 864 1076 919 1138; x_wconf 86' lang='lat' dir='ltr'>tali</span> <span class='ocrx_word' id='word_1_58' title='bbox 934 1077 1082 1156; x_wconf 83' lang='lat' dir='ltr'>quaedam</span> <span class='ocrx_word' id='word_1_59' title='bbox 1099 1095 1217 1140; x_wconf 85' lang='lat' dir='ltr'>conre-</span> 
     </span>
    </p>
   </div>
   <div class='ocr_carea' id='block_1_5' title="bbox 35 1170 1218 1350">
    <p class='ocr_par' dir='ltr' id='par_1_6' title="bbox 35 1170 1218 1350">
     <span class='ocr_line' id='line_1_9' title="bbox 36 1170 1216 1254; baseline 0.004 -23"><span class='ocrx_word' id='word_1_60' title='bbox 36 1178 37 1183; x_wconf 77' lang='grc'>’</span> <span class='ocrx_word' id='word_1_61' title='bbox 130 1170 245 1247; x_wconf 92' lang='lat' dir='ltr'>niunt,</span> <span class='ocrx_word' id='word_1_62' title='bbox 270 1172 364 1251; x_wconf 83' lang='lat' dir='ltr'>alteri</span> <span class='ocrx_word' id='word_1_63' title='bbox 388 1183 548 1251; x_wconf 89' lang='lat' dir='ltr'>quatenus</span> <span class='ocrx_word' id='word_1_64' title='bbox 570 1172 626 1234; x_wconf 89' lang='lat' dir='ltr'>tali</span> <span class='ocrx_word' id='word_1_65' title='bbox 651 1190 874 1254; x_wconf 88' lang='lat' dir='ltr'>nequaquam;</span> <span class='ocrx_word' id='word_1_66' title='bbox 899 1174 1046 1253; x_wconf 88' lang='lat' dir='ltr'>adeoque</span> <span class='ocrx_word' id='word_1_67' title='bbox 1068 1185 1141 1236; x_wconf 88' lang='lat' dir='ltr'>actu</span> <span class='ocrx_word' id='word_1_68' title='bbox 1165 1174 1216 1235; x_wconf 90' lang='lat' dir='ltr'>di-</span> 
     </span>
     <span class='ocr_line' id='line_1_10' title="bbox 35 1269 1218 1350; baseline 0.004 -20"><span class='ocrx_word' id='word_1_69' title='bbox 35 1270 36 1275; x_wconf 75' lang='grc'>’</span> <span class='ocrx_word' id='word_1_70' title='bbox 129 1269 342 1348; x_wconf 78' lang='lat' dir='ltr'>stinguuntur</span> <span class='ocrx_word' id='word_1_71' title='bbox 358 1271 526 1350; x_wconf 73' lang='lat' dir='ltr'>obiectire,</span> <span class='ocrx_word' id='word_1_72' title='bbox 544 1290 582 1333; x_wconf 81' lang='lat' dir='ltr'>ex</span> <span class='ocrx_word' id='word_1_73' title='bbox 598 1282 712 1334; x_wconf 89' lang='lat' dir='ltr'>natura</span> <span class='ocrx_word' id='word_1_74' title='bbox 726 1272 771 1334; x_wconf 93' lang='lat' dir='ltr'>rei</span> <span class='ocrx_word' id='word_1_75' title='bbox 790 1281 821 1334; x_wconf 91' lang='lat' dir='ltr'>et</span> <span class='ocrx_word' id='word_1_76' title='bbox 842 1282 916 1334; x_wconf 91' lang='lat' dir='ltr'>ante</span> <span class='ocrx_word' id='word_1_77' title='bbox 938 1290 1070 1335; x_wconf 88' lang='lat' dir='ltr'>omnem</span> <span class='ocrx_word' id='word_1_78' title='bbox 1090 1272 1218 1336; x_wconf 89' lang='lat' dir='ltr'>intelle-</span> 
     </span>
    </p>
   </div>
   <div class='ocr_carea' id='block_1_6' title="bbox 129 1371 1218 2934">
    <p class='ocr_par' dir='ltr' id='par_1_7' title="bbox 129 1371 1216 1548">
     <span class='ocr_line' id='line_1_11' title="bbox 129 1371 1216 1452; baseline 0.003 -21"><span class='ocrx_word' id='word_1_79' title='bbox 129 1378 201 1432; x_wconf 88' lang='lat' dir='ltr'>ctus</span> <span class='ocrx_word' id='word_1_80' title='bbox 227 1371 465 1449; x_wconf 78' lang='lat' dir='ltr'>operationem.</span> <span class='ocrx_word' id='word_1_81' title='bbox 491 1373 580 1434; x_wconf 89' lang='lat' dir='ltr'>Hanc</span> <span class='ocrx_word' id='word_1_82' title='bbox 604 1371 850 1434; x_wconf 83' lang='lat' dir='ltr'>distinctionem</span> <span class='ocrx_word' id='word_1_83' title='bbox 877 1372 1043 1451; x_wconf 82' lang='lat' dir='ltr'>rejicimus</span> <span class='ocrx_word' id='word_1_84' title='bbox 1067 1373 1216 1452; x_wconf 87' lang='lat' dir='ltr'>sequenti</span> 
     </span>
     <span class='ocr_line' id='line_1_12' title="bbox 131 1470 372 1548; baseline 0.004 -17"><span class='ocrx_word' id='word_1_85' title='bbox 131 1470 372 1548; x_wconf 84' lang='lat' dir='ltr'>propositione.</span> 
     </span>
    </p>

    <p class='ocr_par' dir='ltr' id='par_1_8' title="bbox 132 1567 1218 1729">
     <span class='ocr_line' id='line_1_13' title="bbox 171 1567 1218 1650; baseline 0.003 -19"><span class='ocrx_word' id='word_1_86' title='bbox 171 1567 244 1631; x_wconf 63' lang='lat'>⁹259.</span> <span class='ocrx_word' id='word_1_87' title='bbox 269 1567 447 1632; x_wconf 84' lang='lat' dir='ltr'>Paorosrrro</span> <span class='ocrx_word' id='word_1_88' title='bbox 463 1569 513 1632; x_wconf 72' lang='lat' dir='ltr'>ll&#39;.</span> <span class='ocrx_word' id='word_1_89' title='bbox 535 1570 694 1632; x_wconf 74' lang='lat' dir='ltr'>distinctio</span> <span class='ocrx_word' id='word_1_90' title='bbox 719 1569 860 1650; x_wconf 77' lang='lat' dir='ltr'>formulis</span> <span class='ocrx_word' id='word_1_91' title='bbox 885 1590 924 1639; x_wconf 70' lang='lat' dir='ltr'>ee</span> <span class='ocrx_word' id='word_1_92' title='bbox 945 1583 1059 1634; x_wconf 84' lang='lat' dir='ltr'>notura</span> <span class='ocrx_word' id='word_1_93' title='bbox 1085 1573 1129 1633; x_wconf 85' lang='lat' dir='ltr'>rei</span> <span class='ocrx_word' id='word_1_94' title='bbox 1154 1591 1218 1634; x_wconf 84' lang='lat' dir='ltr'>non</span> 
     </span>
     <span class='ocr_line' id='line_1_14' title="bbox 132 1667 387 1729; baseline 0.008 -2"><span class='ocrx_word' id='word_1_95' title='bbox 132 1667 387 1729; x_wconf 71' lang='lat' dir='ltr'>mndmittendu.</span> 
     </span>
    </p>

    <p class='ocr_par' dir='ltr' id='par_1_9' title="bbox 133 1762 1218 2026">
     <span class='ocr_line' id='line_1_15' title="bbox 172 1762 1216 1846; baseline 0.005 -21"><span class='ocrx_word' id='word_1_96' title='bbox 172 1762 253 1825; x_wconf 93' lang='lat' dir='ltr'>Nam</span> <span class='ocrx_word' id='word_1_97' title='bbox 270 1765 302 1825; x_wconf 78' lang='lat'>1⁰</span> <span class='ocrx_word' id='word_1_98' title='bbox 318 1764 350 1824; x_wconf 92' lang='lat' dir='ltr'>id</span> <span class='ocrx_word' id='word_1_99' title='bbox 378 1776 509 1828; x_wconf 90' lang='lat' dir='ltr'>nonest</span> <span class='ocrx_word' id='word_1_100' title='bbox 534 1767 773 1828; x_wconf 88' lang='lat' dir='ltr'>admittendum</span> <span class='ocrx_word' id='word_1_101' title='bbox 796 1767 887 1846; x_wconf 88' lang='lat' dir='ltr'>cujus</span> <span class='ocrx_word' id='word_1_102' title='bbox 914 1767 1004 1829; x_wconf 90' lang='lat' dir='ltr'>nulla</span> <span class='ocrx_word' id='word_1_103' title='bbox 1032 1768 1216 1842; x_wconf 89' lang='lat' dir='ltr'>necessitas,</span> 
     </span>
     <span class='ocr_line' id='line_1_16' title="bbox 134 1854 1218 1946; baseline 0 -19"><span class='ocrx_word' id='word_1_104' title='bbox 134 1862 288 1941; x_wconf 86' lang='lat' dir='ltr'>quodque</span> <span class='ocrx_word' id='word_1_105' title='bbox 316 1864 356 1926; x_wconf 90' lang='lat' dir='ltr'>ad</span> <span class='ocrx_word' id='word_1_106' title='bbox 386 1882 437 1925; x_wconf 85' lang='lat' dir='ltr'>res</span> <span class='ocrx_word' id='word_1_107' title='bbox 454 1873 574 1927; x_wconf 88' lang='lat' dir='ltr'>creatas</span> <span class='ocrx_word' id='word_1_108' title='bbox 591 1866 742 1946; x_wconf 81' lang='lat' dir='ltr'>mysteria</span> <span class='ocrx_word' id='word_1_109' title='bbox 770 1865 840 1945; x_wconf 91' lang='lat' dir='ltr'>ipsa</span> <span class='ocrx_word' id='word_1_110' title='bbox 853 1865 964 1927; x_wconf 90' lang='lat' dir='ltr'>divina</span> <span class='ocrx_word' id='word_1_111' title='bbox 980 1854 1171 1927; x_wconf 79' lang='lat' dir='ltr'>transfert</span> <span class='ocrx_word' id='word_1_112' title='bbox 1146 1883 1218 1927; x_wconf 84' lang='lat' dir='ltr'>sine</span> 
     </span>
     <span class='ocr_line' id='line_1_17' title="bbox 133 1961 979 2026; baseline 0.002 -4"><span class='ocrx_word' id='word_1_113' title='bbox 133 1961 334 2024; x_wconf 87' lang='lat' dir='ltr'>necessitate</span> <span class='ocrx_word' id='word_1_114' title='bbox 351 1962 415 2024; x_wconf 90' lang='lat' dir='ltr'>Sed</span> <span class='ocrx_word' id='word_1_115' title='bbox 433 1964 505 2024; x_wconf 89' lang='lat' dir='ltr'>talis</span> <span class='ocrx_word' id='word_1_116' title='bbox 518 1974 564 2025; x_wconf 90' lang='lat' dir='ltr'>est</span> <span class='ocrx_word' id='word_1_117' title='bbox 580 1963 749 2026; x_wconf 85' lang='lat' dir='ltr'>distinctio</span> <span class='ocrx_word' id='word_1_118' title='bbox 760 1965 979 2026; x_wconf 89' lang='lat' dir='ltr'>scotistarum.</span> 
     </span>
    </p>

    <p class='ocr_par' dir='ltr' id='par_1_10' title="bbox 133 2061 1218 2539">
     <span class='ocr_line' id='line_1_18' title="bbox 173 2061 1217 2143; baseline 0.002 -20"><span class='ocrx_word' id='word_1_119' title='bbox 173 2066 203 2139; x_wconf 78' lang='lat' dir='ltr'>ot</span> <span class='ocrx_word' id='word_1_120' title='bbox 225 2061 322 2125; x_wconf 91' lang='lat' dir='ltr'>Nulla</span> <span class='ocrx_word' id='word_1_121' title='bbox 343 2065 413 2141; x_wconf 79' lang='lat' dir='ltr'>ejus</span> <span class='ocrx_word' id='word_1_122' title='bbox 428 2074 476 2125; x_wconf 93' lang='lat' dir='ltr'>est</span> <span class='ocrx_word' id='word_1_123' title='bbox 501 2063 687 2126; x_wconf 85' lang='lat' dir='ltr'>necessitas.</span> <span class='ocrx_word' id='word_1_124' title='bbox 705 2062 847 2138; x_wconf 88' lang='lat' dir='ltr'>Etenim,</span> <span class='ocrx_word' id='word_1_125' title='bbox 865 2072 900 2125; x_wconf 91' lang='lat' dir='ltr'>ut</span> <span class='ocrx_word' id='word_1_126' title='bbox 911 2063 977 2143; x_wconf 87' lang='lat' dir='ltr'>jam</span> <span class='ocrx_word' id='word_1_127' title='bbox 994 2070 1142 2125; x_wconf 84' lang='lat' dir='ltr'>constare</span> <span class='ocrx_word' id='word_1_128' title='bbox 1159 2079 1217 2143; x_wconf 93' lang='lat' dir='ltr'>po·</span> 
     </span>
     <span class='ocr_line' id='line_1_19' title="bbox 134 2159 1217 2275; baseline 0 -54"><span class='ocrx_word' id='word_1_129' title='bbox 134 2169 192 2222; x_wconf 87' lang='lat' dir='ltr'>test</span> <span class='ocrx_word' id='word_1_130' title='bbox 209 2180 247 2221; x_wconf 88' lang='lat' dir='ltr'>ex</span> <span class='ocrx_word' id='word_1_131' title='bbox 263 2162 362 2223; x_wconf 79' lang='lat' dir='ltr'>morlo</span> <span class='ocrx_word' id='word_1_132' title='bbox 379 2161 475 2222; x_wconf 89' lang='lat' dir='ltr'>dictis</span> <span class='ocrx_word' id='word_1_133' title='bbox 492 2160 574 2239; x_wconf 66' lang='lat'><strong>(254)</strong></span> <span class='ocrx_word' id='word_1_134' title='bbox 587 2169 618 2223; x_wconf 86' lang='lat' dir='ltr'>et</span> <span class='ocrx_word' id='word_1_135' title='bbox 633 2180 670 2223; x_wconf 82' lang='lat' dir='ltr'>ex</span> <span class='ocrx_word' id='word_1_136' title='bbox 687 2161 804 2223; x_wconf 92' lang='lat' dir='ltr'>dictis</span> <span class='ocrx_word' id='word_1_137' title='bbox 796 2180 830 2223; x_wconf 89' lang='lat' dir='ltr'>rn</span> <span class='ocrx_word' id='word_1_138' title='bbox 847 2161 953 2275; x_wconf 80' lang='lat' dir='ltr'>logica</span> <span class='ocrx_word' id='word_1_139' title='bbox 967 2160 1012 2239; x_wconf 83' lang='lat' dir='ltr'>(t.</span> <span class='ocrx_word' id='word_1_140' title='bbox 1023 2160 1087 2239; x_wconf 78' lang='lat'>57),</span> <span class='ocrx_word' id='word_1_141' title='bbox 1098 2159 1217 2270; x_wconf 81' lang='lat' dir='ltr'>gradus</span> 
     </span>
     <span class='ocr_line' id='line_1_20' title="bbox 133 2238 1218 2341; baseline 0.001 -22"><span class='ocrx_word' id='word_1_142' title='bbox 133 2257 181 2320; x_wconf 92' lang='lat' dir='ltr'>illi</span> <span class='ocrx_word' id='word_1_143' title='bbox 199 2259 426 2340; x_wconf 85' lang='lat' dir='ltr'>metaphysioi,</span> <span class='ocrx_word' id='word_1_144' title='bbox 442 2268 474 2322; x_wconf 92' lang='lat' dir='ltr'>et</span> <span class='ocrx_word' id='word_1_145' title='bbox 496 2277 711 2341; x_wconf 75' lang='lat' dir='ltr'>quecumque</span> <span class='ocrx_word' id='word_1_146' title='bbox 726 2259 765 2320; x_wconf 90' lang='lat' dir='ltr'>ad</span> <span class='ocrx_word' id='word_1_147' title='bbox 782 2276 837 2323; x_wconf 90' lang='lat' dir='ltr'>eos</span> <span class='ocrx_word' id='word_1_148' title='bbox 853 2238 1019 2341; x_wconf 89' lang='lat' dir='ltr'>pertinent</span> <span class='ocrx_word' id='word_1_149' title='bbox 1043 2266 1099 2321; x_wconf 91' lang='lat' dir='ltr'>aut</span> <span class='ocrx_word' id='word_1_150' title='bbox 1120 2257 1199 2321; x_wconf 88' lang='lat' dir='ltr'>de&#39;&#39;</span> <span class='ocrx_word' id='word_1_151' title='bbox 1177 2276 1218 2320; x_wconf 86' lang='lat' dir='ltr'>ns</span> 
     </span>
     <span class='ocr_line' id='line_1_21' title="bbox 133 2353 1217 2439; baseline 0.001 -19"><span class='ocrx_word' id='word_1_152' title='bbox 133 2362 233 2438; x_wconf 85' lang='lat' dir='ltr'>quaeri</span> <span class='ocrx_word' id='word_1_153' title='bbox 249 2353 396 2438; x_wconf 90' lang='lat' dir='ltr'>possunt,</span> <span class='ocrx_word' id='word_1_154' title='bbox 406 2360 531 2439; x_wconf 90' lang='lat' dir='ltr'>optime</span> <span class='ocrx_word' id='word_1_155' title='bbox 545 2361 749 2439; x_wconf 77' lang='lat' dir='ltr'>explicantur</span> <span class='ocrx_word' id='word_1_156' title='bbox 765 2377 823 2439; x_wconf 91' lang='lat' dir='ltr'>per</span> <span class='ocrx_word' id='word_1_157' title='bbox 837 2359 941 2422; x_wconf 89' lang='lat' dir='ltr'>solam</span> <span class='ocrx_word' id='word_1_158' title='bbox 951 2360 1086 2422; x_wconf 88' lang='lat' dir='ltr'>rationis</span> <span class='ocrx_word' id='word_1_159' title='bbox 1099 2360 1217 2421; x_wconf 90' lang='lat' dir='ltr'>distin·</span> 
     </span>
     <span class='ocr_line' id='line_1_22' title="bbox 133 2456 833 2539; baseline 0.001 -20"><span class='ocrx_word' id='word_1_160' title='bbox 133 2456 296 2539; x_wconf 84' lang='lat' dir='ltr'>ctionem;</span> <span class='ocrx_word' id='word_1_161' title='bbox 313 2461 399 2537; x_wconf 88' lang='lat' dir='ltr'>quod</span> <span class='ocrx_word' id='word_1_162' title='bbox 417 2468 449 2518; x_wconf 89' lang='lat' dir='ltr'>et</span> <span class='ocrx_word' id='word_1_163' title='bbox 464 2459 548 2518; x_wconf 89' lang='lat' dir='ltr'>intra</span> <span class='ocrx_word' id='word_1_164' title='bbox 566 2458 681 2519; x_wconf 82' lang='lat' dir='ltr'>melius</span> <span class='ocrx_word' id='word_1_165' title='bbox 699 2456 833 2536; x_wconf 89' lang='lat' dir='ltr'>patebit.</span> 
     </span>
    </p>

    <p class='ocr_par' dir='ltr' id='par_1_11' title="bbox 130 2555 1218 2934">
     <span class='ocr_line' id='line_1_23' title="bbox 172 2555 1218 2637; baseline -0.001 -18"><span class='ocrx_word' id='word_1_166' title='bbox 172 2556 243 2634; x_wconf 72' lang='lat' dir='ltr'>ltld</span> <span class='ocrx_word' id='word_1_167' title='bbox 255 2556 344 2637; x_wconf 91' lang='lat' dir='ltr'>quod</span> <span class='ocrx_word' id='word_1_168' title='bbox 356 2557 390 2619; x_wconf 91' lang='lat' dir='ltr'>in</span> <span class='ocrx_word' id='word_1_169' title='bbox 405 2555 717 2618; x_wconf 87' lang='lat' dir='ltr'>venerandodivinae</span> <span class='ocrx_word' id='word_1_170' title='bbox 731 2555 898 2618; x_wconf 85' lang='lat' dir='ltr'>Trinitatis</span> <span class='ocrx_word' id='word_1_171' title='bbox 914 2556 1218 2636; x_wconf 83' lang='lat' dir='ltr'>mysteriomarime</span> 
     </span>
     <span class='ocr_line' id='line_1_24' title="bbox 130 2652 1216 2736; baseline 0.002 -20"><span class='ocrx_word' id='word_1_172' title='bbox 130 2655 269 2718; x_wconf 88' lang='lat' dir='ltr'>arduum</span> <span class='ocrx_word' id='word_1_173' title='bbox 294 2665 342 2717; x_wconf 90' lang='lat' dir='ltr'>est</span> <span class='ocrx_word' id='word_1_174' title='bbox 357 2666 453 2736; x_wconf 91' lang='lat' dir='ltr'>atque</span> <span class='ocrx_word' id='word_1_175' title='bbox 481 2655 662 2716; x_wconf 87' lang='lat' dir='ltr'>humanum</span> <span class='ocrx_word' id='word_1_176' title='bbox 676 2654 809 2716; x_wconf 85' lang='lat' dir='ltr'>vincens</span> <span class='ocrx_word' id='word_1_177' title='bbox 834 2652 1049 2727; x_wconf 83' lang='lat' dir='ltr'>intellectum,</span> <span class='ocrx_word' id='word_1_178' title='bbox 1067 2656 1101 2717; x_wconf 93' lang='lat' dir='ltr'>in</span> <span class='ocrx_word' id='word_1_179' title='bbox 1118 2655 1216 2718; x_wconf 87' lang='lat' dir='ltr'>rebus</span> 
     </span>
     <span class='ocr_line' id='line_1_25' title="bbox 131 2751 1215 2835; baseline -0.003 -16"><span class='ocrx_word' id='word_1_180' title='bbox 131 2756 285 2819; x_wconf 90' lang='lat' dir='ltr'>omnibus</span> <span class='ocrx_word' id='word_1_181' title='bbox 300 2755 469 2835; x_wconf 85' lang='lat' dir='ltr'>reperiunt</span> <span class='ocrx_word' id='word_1_182' title='bbox 490 2755 639 2816; x_wconf 82' lang='lat' dir='ltr'>scutistae.</span> <span class='ocrx_word' id='word_1_183' title='bbox 656 2751 712 2814; x_wconf 82' lang='lat' dir='ltr'>Est</span> <span class='ocrx_word' id='word_1_184' title='bbox 727 2753 818 2814; x_wconf 91' lang='lat' dir='ltr'>enim</span> <span class='ocrx_word' id='word_1_185' title='bbox 834 2753 867 2813; x_wconf 94' lang='lat' dir='ltr'>in</span> <span class='ocrx_word' id='word_1_186' title='bbox 895 2753 958 2814; x_wconf 89' lang='lat' dir='ltr'>hoc</span> <span class='ocrx_word' id='word_1_187' title='bbox 973 2752 1043 2833; x_wconf 75' lang='lat' dir='ltr'>eius</span> <span class='ocrx_word' id='word_1_188' title='bbox 1069 2752 1215 2833; x_wconf 86' lang='lat' dir='ltr'>mysterii</span> 
     </span>
     <span class='ocr_line' id='line_1_26' title="bbox 132 2852 1218 2934; baseline -0.002 -18"><span class='ocrx_word' id='word_1_189' title='bbox 132 2854 287 2927; x_wconf 80' lang='lat' dir='ltr'>arduitas,</span> <span class='ocrx_word' id='word_1_190' title='bbox 305 2854 392 2934; x_wconf 88' lang='lat' dir='ltr'>qnod</span> <span class='ocrx_word' id='word_1_191' title='bbox 411 2852 587 2933; x_wconf 87' lang='lat' dir='ltr'>paternitas</span> <span class='ocrx_word' id='word_1_192' title='bbox 602 2871 632 2915; x_wconf 90' lang='lat' dir='ltr'>v.</span> <span class='ocrx_word' id='word_1_193' title='bbox 649 2871 680 2932; x_wconf 75' lang='lat' dir='ltr'>q.</span> <span class='ocrx_word' id='word_1_194' title='bbox 697 2870 770 2932; x_wconf 80' lang='lat' dir='ltr'>quae</span> <span class='ocrx_word' id='word_1_195' title='bbox 786 2853 967 2914; x_wconf 90' lang='lat' dir='ltr'>secundum</span> <span class='ocrx_word' id='word_1_196' title='bbox 988 2869 1058 2914; x_wconf 89' lang='lat' dir='ltr'>rem</span> <span class='ocrx_word' id='word_1_197' title='bbox 1072 2871 1090 2913; x_wconf 90' lang='lat' dir='ltr'>a</span> <span class='ocrx_word' id='word_1_198' title='bbox 1105 2852 1218 2915; x_wconf 89' lang='lat' dir='ltr'>divina</span> 
     </span>
    </p>
   </div>
   <div class='ocr_carea' id='block_1_7' title="bbox 24 2927 1216 3025">
    <p class='ocr_par' dir='ltr' id='par_1_12' title="bbox 24 2927 1216 3025">
     <span class='ocr_line' id='line_1_27' title="bbox 24 2927 1216 3025; baseline -0.003 -10"><span class='ocrx_word' id='word_1_199' title='bbox 24 2927 25 2998; x_wconf 53' lang='grc' dir='ltr'><em>Ῐ</em></span> <span class='ocrx_word' id='word_1_200' title='bbox 133 2953 270 3016; x_wconf 86' lang='lat' dir='ltr'>essentia</span> <span class='ocrx_word' id='word_1_201' title='bbox 298 2950 487 3014; x_wconf 85' lang='lat' dir='ltr'>indistincta</span> <span class='ocrx_word' id='word_1_202' title='bbox 512 2961 571 3025; x_wconf 89' lang='lat' dir='ltr'>est,</span> <span class='ocrx_word' id='word_1_203' title='bbox 589 2949 720 3010; x_wconf 83' lang='lat' dir='ltr'>realiter</span> <span class='ocrx_word' id='word_1_204' title='bbox 746 2960 852 3010; x_wconf 89' lang='lat' dir='ltr'>tamen</span> <span class='ocrx_word' id='word_1_205' title='bbox 879 2949 1071 3012; x_wconf 88' lang='lat' dir='ltr'>adliatione</span> <span class='ocrx_word' id='word_1_206' title='bbox 1097 2950 1216 3012; x_wconf 85' lang='lat' dir='ltr'>distin·</span> 
     </span>
    </p>
   </div>
   <div class='ocr_carea' id='block_1_8' title="bbox 131 3046 1217 4122">
    <p class='ocr_par' dir='ltr' id='par_1_13' title="bbox 131 3046 1217 3528">
     <span class='ocr_line' id='line_1_28' title="bbox 132 3046 1217 3133; baseline -0.003 -20"><span class='ocrx_word' id='word_1_207' title='bbox 132 3060 257 3133; x_wconf 75' lang='lat' dir='ltr'>gratur,</span> <span class='ocrx_word' id='word_1_208' title='bbox 272 3048 489 3130; x_wconf 84' lang='lat' dir='ltr'>quaequidem</span> <span class='ocrx_word' id='word_1_209' title='bbox 503 3066 537 3110; x_wconf 92' lang='lat' dir='ltr'>re</span> <span class='ocrx_word' id='word_1_210' title='bbox 545 3046 1062 3109; x_wconf 81' lang='lat' dir='ltr'>osteademessentiadivina.Sed</span> <span class='ocrx_word' id='word_1_211' title='bbox 1074 3048 1217 3111; x_wconf 85' lang='lat' dir='ltr'>admissa</span> 
     </span>
     <span class='ocr_line' id='line_1_29' title="bbox 132 3143 1216 3224; baseline -0.004 -11"><span class='ocrx_word' id='word_1_212' title='bbox 132 3149 342 3213; x_wconf 80' lang='lat' dir='ltr'>distinctione</span> <span class='ocrx_word' id='word_1_213' title='bbox 368 3145 510 3221; x_wconf 86' lang='lat' dir='ltr'>formali,</span> <span class='ocrx_word' id='word_1_214' title='bbox 537 3145 696 3207; x_wconf 83' lang='lat' dir='ltr'>rationale</span> <span class='ocrx_word' id='word_1_215' title='bbox 723 3162 752 3205; x_wconf 85' lang='lat' dir='ltr'>v.</span> <span class='ocrx_word' id='word_1_216' title='bbox 780 3160 829 3224; x_wconf 75' lang='lat' dir='ltr'>gr.</span> <span class='ocrx_word' id='word_1_217' title='bbox 856 3143 1002 3206; x_wconf 87' lang='lat' dir='ltr'>Platonis</span> <span class='ocrx_word' id='word_1_218' title='bbox 1032 3145 1139 3224; x_wconf 87' lang='lat' dir='ltr'>reipsa</span> <span class='ocrx_word' id='word_1_219' title='bbox 1169 3155 1216 3210; x_wconf 89' lang='lat' dir='ltr'>est</span> 
     </span>
     <span class='ocr_line' id='line_1_30' title="bbox 133 3242 1216 3324; baseline -0.006 -13"><span class='ocrx_word' id='word_1_220' title='bbox 133 3247 533 3324; x_wconf 77' lang='lat' dir='ltr'>auima13animalautem</span> <span class='ocrx_word' id='word_1_221' title='bbox 560 3254 607 3306; x_wconf 89' lang='lat' dir='ltr'>est</span> <span class='ocrx_word' id='word_1_222' title='bbox 625 3242 825 3323; x_wconf 90' lang='lat' dir='ltr'>principium</span> <span class='ocrx_word' id='word_1_223' title='bbox 842 3243 1023 3318; x_wconf 88' lang='lat' dir='ltr'>sentiendi;</span> <span class='ocrx_word' id='word_1_224' title='bbox 1041 3252 1072 3305; x_wconf 91' lang='lat' dir='ltr'>et</span> <span class='ocrx_word' id='word_1_225' title='bbox 1091 3243 1216 3307; x_wconf 89' lang='lat' dir='ltr'>nihilo·</span> 
     </span>
     <span class='ocr_line' id='line_1_31' title="bbox 131 3341 1215 3418; baseline -0.004 -7"><span class='ocrx_word' id='word_1_226' title='bbox 131 3349 237 3418; x_wconf 86' lang='lat' dir='ltr'>minus</span> <span class='ocrx_word' id='word_1_227' title='bbox 250 3345 409 3408; x_wconf 81' lang='lat' dir='ltr'>rationale</span> <span class='ocrx_word' id='word_1_228' title='bbox 425 3343 570 3406; x_wconf 81' lang='lat' dir='ltr'>Platonis</span> <span class='ocrx_word' id='word_1_229' title='bbox 583 3343 763 3405; x_wconf 87' lang='lat' dir='ltr'>secundum</span> <span class='ocrx_word' id='word_1_230' title='bbox 777 3359 845 3404; x_wconf 91' lang='lat' dir='ltr'>rem</span> <span class='ocrx_word' id='word_1_231' title='bbox 862 3348 893 3403; x_wconf 90' lang='lat' dir='ltr'>et</span> <span class='ocrx_word' id='word_1_232' title='bbox 905 3361 943 3403; x_wconf 84' lang='lat' dir='ltr'>ex</span> <span class='ocrx_word' id='word_1_233' title='bbox 955 3341 1003 3403; x_wconf 93' lang='lat' dir='ltr'>rei</span> <span class='ocrx_word' id='word_1_234' title='bbox 1020 3349 1135 3404; x_wconf 88' lang='lat' dir='ltr'>natura</span> <span class='ocrx_word' id='word_1_235' title='bbox 1147 3360 1215 3407; x_wconf 94' lang='lat' dir='ltr'>non</span> 
     </span>
     <span class='ocr_line' id='line_1_32' title="bbox 133 3442 589 3528; baseline -0.02 -16"><span class='ocrx_word' id='word_1_236' title='bbox 133 3458 177 3512; x_wconf 86' lang='lat' dir='ltr'>est</span> <span class='ocrx_word' id='word_1_237' title='bbox 192 3444 397 3528; x_wconf 86' lang='lat' dir='ltr'>principium</span> <span class='ocrx_word' id='word_1_238' title='bbox 412 3442 589 3506; x_wconf 89' lang='lat' dir='ltr'>sentiendi.</span> 
     </span>
    </p>

    <p class='ocr_par' dir='ltr' id='par_1_14' title="bbox 132 3522 1215 4122">
     <span class='ocr_line' id='line_1_33' title="bbox 169 3522 1215 3620; baseline -0.011 -7.979"><span class='ocrx_word' id='word_1_239' title='bbox 169 3545 201 3612; x_wconf 66' lang='lat'>⁹2⁰</span> <span class='ocrx_word' id='word_1_240' title='bbox 211 3540 249 3607; x_wconf 88' lang='lat' dir='ltr'>Si</span> <span class='ocrx_word' id='word_1_241' title='bbox 266 3560 306 3605; x_wconf 83' lang='lat' dir='ltr'>ea</span> <span class='ocrx_word' id='word_1_242' title='bbox 321 3552 437 3604; x_wconf 85' lang='lat' dir='ltr'>natura</span> <span class='ocrx_word' id='word_1_243' title='bbox 452 3541 500 3603; x_wconf 88' lang='lat' dir='ltr'>rei</span> <span class='ocrx_word' id='word_1_244' title='bbox 516 3542 635 3603; x_wconf 90' lang='lat' dir='ltr'>animal</span> <span class='ocrx_word' id='word_1_245' title='bbox 652 3550 682 3603; x_wconf 92' lang='lat' dir='ltr'>et</span> <span class='ocrx_word' id='word_1_246' title='bbox 700 3522 859 3604; x_wconf 82' lang='lat' dir='ltr'>ratioriale</span> <span class='ocrx_word' id='word_1_247' title='bbox 884 3540 1144 3620; x_wconf 81' lang='lat' dir='ltr'>distinguuntur,</span> <span class='ocrx_word' id='word_1_248' title='bbox 1163 3540 1215 3601; x_wconf 92' lang='lat' dir='ltr'>di·</span> 
     </span>
     <span class='ocr_line' id='line_1_34' title="bbox 133 3638 1215 3720; baseline -0.005 -11"><span class='ocrx_word' id='word_1_249' title='bbox 133 3646 271 3709; x_wconf 87' lang='lat' dir='ltr'>cendum</span> <span class='ocrx_word' id='word_1_250' title='bbox 286 3643 470 3705; x_wconf 90' lang='lat' dir='ltr'>necessario</span> <span class='ocrx_word' id='word_1_251' title='bbox 492 3641 565 3714; x_wconf 86' lang='lat' dir='ltr'>erit,</span> <span class='ocrx_word' id='word_1_252' title='bbox 582 3658 617 3702; x_wconf 89' lang='lat' dir='ltr'>ea</span> <span class='ocrx_word' id='word_1_253' title='bbox 634 3640 766 3702; x_wconf 87' lang='lat' dir='ltr'>realiter</span> <span class='ocrx_word' id='word_1_254' title='bbox 781 3638 959 3719; x_wconf 76' lang='lat' dir='ltr'>distingui;</span> <span class='ocrx_word' id='word_1_255' title='bbox 976 3639 1009 3700; x_wconf 91' lang='lat' dir='ltr'>id</span> <span class='ocrx_word' id='word_1_256' title='bbox 1024 3639 1115 3720; x_wconf 88' lang='lat' dir='ltr'>quod</span> <span class='ocrx_word' id='word_1_257' title='bbox 1142 3657 1215 3704; x_wconf 85' lang='lat' dir='ltr'>sco-</span> 
     </span>
     <span class='ocr_line' id='line_1_35' title="bbox 133 3736 1213 3821; baseline -0.005 -14"><span class='ocrx_word' id='word_1_258' title='bbox 133 3744 211 3808; x_wconf 77' lang='lat' dir='ltr'>tistte</span> <span class='ocrx_word' id='word_1_259' title='bbox 223 3749 353 3821; x_wconf 76' lang='lat' dir='ltr'>negant,</span> <span class='ocrx_word' id='word_1_260' title='bbox 371 3739 449 3820; x_wconf 87' lang='lat' dir='ltr'>quia</span> <span class='ocrx_word' id='word_1_261' title='bbox 462 3739 602 3804; x_wconf 80' lang='lat' dir='ltr'>maxime</span> <span class='ocrx_word' id='word_1_262' title='bbox 613 3738 814 3813; x_wconf 89' lang='lat' dir='ltr'>absurdum;</span> <span class='ocrx_word' id='word_1_263' title='bbox 828 3736 884 3799; x_wconf 92' lang='lat' dir='ltr'>sed</span> <span class='ocrx_word' id='word_1_264' title='bbox 901 3743 1019 3816; x_wconf 80' lang='lat' dir='ltr'>negant</span> <span class='ocrx_word' id='word_1_265' title='bbox 1034 3739 1213 3803; x_wconf 89' lang='lat' dir='ltr'>immerito.</span> 
     </span>
     <span class='ocr_line' id='line_1_36' title="bbox 132 3836 1215 3917; baseline -0.005 -12"><span class='ocrx_word' id='word_1_266' title='bbox 132 3842 256 3906; x_wconf 79' lang='lat' dir='ltr'>Etenim</span> <span class='ocrx_word' id='word_1_267' title='bbox 272 3841 299 3903; x_wconf 95' lang='lat' dir='ltr'>si</span> <span class='ocrx_word' id='word_1_268' title='bbox 316 3839 437 3901; x_wconf 89' lang='lat' dir='ltr'>animal</span> <span class='ocrx_word' id='word_1_269' title='bbox 454 3847 486 3899; x_wconf 89' lang='lat' dir='ltr'>et</span> <span class='ocrx_word' id='word_1_270' title='bbox 500 3838 659 3899; x_wconf 87' lang='lat' dir='ltr'>rationale</span> <span class='ocrx_word' id='word_1_271' title='bbox 674 3845 747 3899; x_wconf 88' lang='lat' dir='ltr'>actu</span> <span class='ocrx_word' id='word_1_272' title='bbox 762 3846 792 3898; x_wconf 94' lang='lat' dir='ltr'>et</span> <span class='ocrx_word' id='word_1_273' title='bbox 807 3855 846 3898; x_wconf 88' lang='lat' dir='ltr'>ex</span> <span class='ocrx_word' id='word_1_274' title='bbox 871 3836 917 3897; x_wconf 90' lang='lat' dir='ltr'>rei</span> <span class='ocrx_word' id='word_1_275' title='bbox 935 3841 1048 3897; x_wconf 90' lang='lat' dir='ltr'>natura</span> <span class='ocrx_word' id='word_1_276' title='bbox 1067 3836 1215 3917; x_wconf 89' lang='lat' dir='ltr'>citraque</span> 
     </span>
     <span class='ocr_line' id='line_1_37' title="bbox 133 3933 1211 4020; baseline -0.005 -15"><span class='ocrx_word' id='word_1_277' title='bbox 133 3941 247 4005; x_wconf 87' lang='lat' dir='ltr'>mentis</span> <span class='ocrx_word' id='word_1_278' title='bbox 273 3937 501 4020; x_wconf 88' lang='lat' dir='ltr'>operationem</span> <span class='ocrx_word' id='word_1_279' title='bbox 528 3934 786 4015; x_wconf 80' lang='lat' dir='ltr'>distinguuntur,</span> <span class='ocrx_word' id='word_1_280' title='bbox 802 3934 869 4016; x_wconf 83' lang='lat' dir='ltr'>jam</span> <span class='ocrx_word' id='word_1_281' title='bbox 886 3940 961 3996; x_wconf 87' lang='lat' dir='ltr'>sunt</span> <span class='ocrx_word' id='word_1_282' title='bbox 976 3933 1107 3997; x_wconf 88' lang='lat' dir='ltr'>realiter</span> <span class='ocrx_word' id='word_1_283' title='bbox 1132 3935 1211 4011; x_wconf 86' lang='lat' dir='ltr'>duo,</span> 
     </span>
     <span class='ocr_line' id='line_1_38' title="bbox 136 4032 1213 4122; baseline -0.006 -19"><span class='ocrx_word' id='word_1_284' title='bbox 136 4055 271 4122; x_wconf 89' lang='lat' dir='ltr'>quorum</span> <span class='ocrx_word' id='word_1_285' title='bbox 287 4053 392 4099; x_wconf 91' lang='lat' dir='ltr'>unum</span> <span class='ocrx_word' id='word_1_286' title='bbox 408 4033 541 4098; x_wconf 88' lang='lat' dir='ltr'>realiter</span> <span class='ocrx_word' id='word_1_287' title='bbox 561 4050 628 4097; x_wconf 94' lang='lat' dir='ltr'>non</span> <span class='ocrx_word' id='word_1_288' title='bbox 644 4043 692 4096; x_wconf 89' lang='lat' dir='ltr'>est</span> <span class='ocrx_word' id='word_1_289' title='bbox 706 4032 809 4107; x_wconf 86' lang='lat' dir='ltr'>alind,</span> <span class='ocrx_word' id='word_1_290' title='bbox 827 4049 968 4115; x_wconf 90' lang='lat' dir='ltr'>quorum</span> <span class='ocrx_word' id='word_1_291' title='bbox 984 4048 1087 4095; x_wconf 91' lang='lat' dir='ltr'>unum</span> <span class='ocrx_word' id='word_1_292' title='bbox 1101 4033 1213 4114; x_wconf 73' lang='lat' dir='ltr'>negari</span> 
     </span>
    </p>
   </div>
   <div class='ocr_carea' id='block_1_9' title="bbox 0 0 1405 4600">
    <p class='ocr_par' dir='ltr' id='par_1_15' title="bbox 0 0 1405 4600">
     <span class='ocr_line' id='line_1_39' title="bbox 0 0 1405 4600; baseline 0 0"><span class='ocrx_word' id='word_1_293' title='bbox 0 0 1405 4600; x_wconf 95' lang='lat' dir='ltr'> </span> 
     </span>
    </p>
   </div>
  </div>
 </body>
</html>
