2792 4600
439 240 525 286 uisse
547 241 707 300 securibus,
731 242 822 287 creor
842 242 871 287 v.
1136 224 1197 287 15⁷
1207 254 1217 297 ς

106 363 225 416 natura
251 354 414 434 posterior
439 354 475 418 B.
498 354 588 418 Esset
614 374 691 436 ergo
721 358 747 419 Α
776 357 868 437 prior
893 356 1058 431 sinubat
1086 367 1194 438 poste·

107 450 176 514 rior
196 451 245 514 b:
731 473 738 486 ·
1210 516 1215 525 ,

143 549 223 614 520.
247 551 280 612 Si
310 551 422 613 omnia
447 569 520 630 quae
550 551 631 612 fiunt
659 555 788 612 causam
821 552 961 613 babeant
983 570 1114 616 necesse
1137 562 1197 630 est,

105 665 243 726 ergone,
268 649 410 727 inquies,
435 648 546 709 nullus
569 649 631 720 erit
653 666 745 710 casus
769 647 944 712 fortuitus?
966 650 1063 730 Atqui
1088 663 1197 714 tamen

107 747 212 808 inulta
228 765 304 808 casu
319 747 455 809 fortuito
470 748 618 808 accidere
636 748 754 826 passim
779 747 933 822 dicimus,
951 766 1057 829 neque
1075 750 1137 812 boc
1164 752 1198 813 iu
1243 818 1246 825 ,

106 846 250 908 dubium
266 846 385 907 adduci
404 864 498 926 posse
513 847 653 907 videtur.
1101 859 1108 871 “

146 944 360 1023 {despondeo
385 943 552 1022 duplicem
576 960 708 1004 sensum
731 942 849 1021 subjici
875 961 969 1022 posse
992 945 1071 1006 huic
1093 947 1163 1009 voci
1189 965 1197 1012 ε

106 1061 195 1103 rusus
221 1040 383 1121 fortuitus.
401 1042 509 1103 Potest
531 1041 619 1102 enim
646 1041 750 1121 accipi
769 1042 837 1102 baec
852 1060 911 1103 vox
926 1043 1059 1104 obsolute
1074 1053 1105 1106 et
1118 1046 1199 1108 retu-

105 1142 177 1202 u'oe.
204 1140 362 1204 Absolute
390 1158 484 1202 casus
514 1139 666 1201 fortuitus
688 1148 735 1200 est
757 1148 879 1201 euentus
900 1141 966 1201 siue
986 1141 1053 1204 ullu
1072 1162 1199 1223 prorsus

43 1250 45 1255 '
107 1258 204 1301 roura
221 1256 229 1302 τ
249 1241 312 1301 hoc
334 1256 431 1300 sensu
455 1240 539 1300 banc
561 1257 672 1300 vocem
696 1251 855 1318 usurpant
882 1247 913 1300 et
940 1239 1146 1318 Begueiiuus,
1169 1254 1201 1306 et

107 1341 196 1401 atbei
214 1358 317 1419 quum
334 1338 374 1400 de
390 1356 499 1400 rerum
515 1339 642 1418 origine
659 1338 839 1417 loquuntur
857 1355 864 1401 :
884 1339 939 1399 hic
957 1357 1053 1418 porro
1069 1330 1206 1418 sensus,¹

109 1447 144 1499 ut
158 1457 198 1499 ex
217 1437 383 1516 praedictis
395 1435 511 1516 liquet,
526 1446 572 1498 est
585 1453 719 1516 prorsus
736 1436 907 1498 absurdus.

147 1535 226 1599 uui.
250 1535 394 1600 Relative
408 1547 517 1595 autem
532 1521 625 1595 casus
642 1534 794 1596 fortuitus
810 1547 858 1596 est
875 1546 998 1597 euectus
1020 1556 1073 1597 nec
1096 1539 1198 1600 inteu-

39 1676 41 1695 ,
110 1644 157 1695 tus
172 1651 230 1695 occ
241 1635 401 1715 provisus.
417 1634 515 1696 Casus
530 1643 637 1695 autem
657 1634 719 1695 boc
738 1651 834 1694 sensu
859 1642 1021 1713 acceptus,
1039 1634 1203 1698 absurdus

36 1736 37 1745 ’
111 1739 157 1791 est
181 1741 334 1811 respectu
350 1731 424 1806 Dei;
450 1730 599 1810 quamvis
621 1731 710 1792 enim
733 1731 881 1811 quaedam
905 1750 942 1793 eu
966 1732 1006 1792 iis
1029 1750 1102 1811 quae
1117 1735 1204 1796 acci·

113 1834 205 1905 dunt,
225 1848 290 1893 uon
307 1831 372 1894 siut
387 1830 427 1891 ab
443 1831 629 1902 enimenta,
645 1829 731 1890 nihii
748 1839 854 1890 tamen
869 1830 918 1890 ilii
936 1841 1122 1909 potestesse
1135 1850 1202 1899 non

36 1918 37 1925 ἵ
114 1931 305 2009 praevisum
321 1948 397 1992 cum
413 1930 525 1992 omnia
538 1929 641 2008 ipsius
660 1927 872 2007 providentie
888 1927 1116 2008 subjiciantur.
1134 1931 1199 1993 Sed
1224 1950 1226 1953 ·

114 2038 262 2107 respectu
279 2028 425 2090 hominis
441 2027 525 2088 nihii
542 2026 675 2087 absurdi
703 2025 814 2087 habet.
832 2023 902 2088 Non
919 2028 1006 2086 cuim
1024 2038 1071 2089 est
1086 2029 1202 2091 absur-

114 2128 204 2200 dum,
224 2128 290 2189 imo
305 2145 391 2205 saepe
405 2125 440 2187 fit
457 2135 491 2186 ut
506 2124 633 2204 aliquid
649 2123 867 2203 conjungatur
885 2142 940 2201 per
956 2126 1105 2186 accidens
1120 2147 1201 2206 opeb

115 2226 233 2288 rationi
250 2227 387 2305 alicujus
402 2243 518 2300 causae,
536 2224 624 2306 quod
654 2225 753 2285 homo
776 2241 840 2285 nou
862 2224 1131 2304 praeordinaverit
1147 2237 1203 2289 aut

115 2343 176 2388 non
196 2325 392 2405 praeviderit.
409 2327 511 2405 Igitur
527 2343 599 2405 quae
615 2324 671 2384 tali
689 2324 787 2386 modo
802 2325 900 2385 simut
917 2325 1122 2403 contingunt,
1142 2327 1200 2386 ha·

116 2425 191 2487 beut
208 2426 342 2505 quidem
357 2442 431 2486 suas
446 2442 558 2485 causas
574 2434 605 2484 et
620 2440 733 2485 causas
750 2441 807 2501 per
823 2442 857 2484 se
873 2423 956 2500 (aot,
974 2422 1031 2501 2⁰),
1049 2425 1104 2485 sed
1122 2444 1202 2505 qua·

115 2540 186 2584 rum
203 2522 333 2586 effectus
348 2522 446 2583 simut
462 2510 664 2583 concurrunt
680 2519 793 2581 insciis
811 2519 1002 2582 bominibus
1021 2538 1058 2581 ac
1075 2522 1202 2601 impru-

116 2621 280 2683 dentibus.
297 2621 333 2683 V.
349 2637 398 2700 gr.
415 2619 502 2699 quod
519 2620 692 2681 thesaurus
708 2617 822 2679 existat
837 2618 898 2679 sub
916 2628 1067 2697 congesta
1086 2622 1200 2696 burno,

119 2719 179 2781 hoc
194 2736 325 2781 causam
352 2717 465 2792 babet;
481 2725 513 2778 et
527 2717 614 2795 quod
634 2716 754 2777 humus
771 2733 809 2777 eo
827 2715 860 2775 in
877 2715 950 2778 loco
967 2716 1121 2792 fodiatur,
1140 2720 1203 2780 hoc

119 2835 248 2897 quoque
263 2834 393 2878 causam
411 2814 524 2889 babet;
540 2827 572 2875 et
586 2825 724 2892 utraque
749 2824 797 2874 est
822 2830 918 2874 causa
942 2832 1000 2893 per
1021 2833 1067 2877 se.
1083 2815 1204 2878 Tamen
1242 2803 1259 2830 “

118 2933 294 2977 concursus
309 2915 482 2976 effectuum
498 2914 636 2974 istorum
658 2911 783 2972 nuliam
813 2911 910 2974 habet
935 2931 1065 2975 causam
1083 2932 1203 2993 perse,

120 3015 172 3075 sed
189 3023 327 3094 utraque
343 3014 400 3074 ilia
413 3030 510 3074 causa
536 3023 584 3073 est
611 3012 709 3089 hujus
734 3027 913 3072 concursus
938 3027 1034 3072 causa
1049 3030 1107 3091 per
1121 3015 1207 3075 aeci·

122 3115 210 3177 deus.

540 3273 703 3340 auricuuus
725 3272 781 3318 uu.

559 3388 773 3470 Difficultuter.

160 3509 231 3571 5⁰22.
256 3506 373 3586 Objicit
388 3505 413 3567 Ι.
431 3504 637 3584 Beguelinus.
654 3503 861 3582 Principium
887 3501 1087 3564 causalitatis
1114 3503 1207 3565 valde

36 3593 37 3648 ἶ
125 3609 298 3669 obscurum
314 3616 373 3668 est.
390 3606 470 3668 Nam
1112 3649 1115 3655 .

36 3685 37 3688 ¹
163 3708 194 3766 1ο
215 3704 379 3786 supponit
393 3702 595 3765 existentiam
612 3701 743 3762 realem.
760 3699 822 3762 Sed
840 3698 931 3761 notio
947 3698 1126 3760 existentiae
1138 3718 1209 3770 rea·

36 3843 37 3888 p
129 3805 164 3865 tis
179 3815 227 3865 est
241 3804 334 3866 vaide
348 3801 498 3873 obscura,
516 3801 591 3879 quia
608 3797 740 3860 definiri
756 3816 823 3859 uon
841 3807 958 3877 potest.

36 3899 37 3982 i
121 3980 129 3994 ·
163 3902 197 3964 2⁰
218 3902 294 3967 ldea
309 3899 488 3963 existentiae
503 3914 571 3959 non
587 3895 728 3958 includit
744 3893 850 3957 ideam
865 3910 981 3956 ceusu.
