2792 4600
395 310 482 354 tinen
503 309 636 368 τιιιιιιιιε,
660 309 751 356 creor
774 311 806 356 ιι.
1037 310 1039 316 ’
1094 291 1152 355 381

67 446 81 480 s
104 421 181 483 tiam
195 421 340 503 aliquam
357 423 390 485 in
407 425 521 489 eadem
537 424 707 488 existentia
722 444 730 501 ;
746 443 819 505 que
835 425 1074 507 perseverentia
1087 442 1153 489 non

67 527 150 581 «est
175 518 303 599 aliquid
330 521 522 584 distinctum
549 522 590 583 ab
614 522 683 602 ipsa
702 523 882 599 existentia,
914 524 970 585 sed
1000 532 1155 587 connotat

67 619 287 681 «seeundum
315 632 463 685 nostrum
486 622 697 702 concipiendi
721 621 857 684 modum
881 611 1153 702 praeexistentiem

65 718 251 798 «ejusdem
280 720 472 797 existentiae,
509 740 566 789 seu
600 721 689 802 quod
716 721 791 783 tetis
821 721 992 785 existentia
1021 721 1152 801 concipi

66 842 79 877 s
103 816 207 896 possit
234 824 269 879 ut
295 822 434 881 existens
450 827 523 882 ante
539 818 713 900 quodlibet
736 818 861 880 instans
876 837 936 898 pro
952 838 1018 900 quo
1034 819 1154 882 durare

65 938 80 974 ι
101 913 225 976 dicitur
240 917 318 994 (ι).»
337 918 380 980 Ex
406 917 538 997 quibus
556 918 731 999 postremis
760 916 867 980 verbis
893 917 1047 989 deduces,
1064 928 1152 991 recte

65 1012 269 1092 «quosdam
301 1013 496 1089 affirmasse,
533 1014 743 1079 durationem
779 1014 890 1086 dicere
928 1015 1150 1088 existentiam,

65 1110 313 1175 ‹connotaudo
342 1113 595 1188 successionem,
624 1114 676 1181 aui
704 1113 753 1187 vei
781 1115 948 1191 coexistat,
975 1114 1024 1176 vel
1051 1112 1153 1194 possit

66 1232 79 1269 s
101 1210 281 1279 coexistere
297 1229 348 1273 res
364 1230 437 1292 quae
453 1213 571 1276 durare
587 1212 721 1276 dicitur.
1255 1203 1258 1208 ⁴

16 1313 17 1344 ι
102 1306 202 1372 *588.
233 1299 408 1374 Pxoeosirro
425 1311 464 1374 ii.
482 1310 639 1375 successio
664 1320 706 1374 est
733 1312 841 1375 relatio
869 1312 1055 1375 seclusionis
1082 1328 1152 1372 ssu·

61 1416 128 1481 tute,
142 1427 236 1488 quom
250 1410 337 1472 dotet
348 1411 511 1473 existentia
526 1411 624 1473 unius
638 1418 776 1491 respectu
791 1410 959 1473 existentis
972 1410 1110 1490 citerius.

100 1503 193 1568 Tunc
206 1525 270 1569 une
285 1525 336 1570 res
351 1508 443 1570 alteri
461 1508 639 1570 succedere
656 1507 790 1582 dicitur,
809 1526 912 1588 quum
929 1508 998 1570 haec
1012 1508 1153 1570 essedesi-

61 1603 116 1675 eit,
134 1613 168 1664 et
183 1604 240 1667 ilia
254 1624 312 1666 esse
325 1606 447 1687 incipit.
464 1604 498 1668 Si
512 1608 601 1668 enim
618 1606 788 1669 existentia
804 1606 903 1668 unius
921 1606 968 1668 rei
987 1613 1154 1686 permanet

62 1702 138 1764 dum
157 1720 209 1766 res
231 1705 331 1767 attera
346 1724 416 1768 esse
432 1706 562 1785 incipit,
593 1707 643 1768 hee
657 1725 710 1770 res
726 1723 793 1769 non
809 1706 872 1768 sihi
889 1705 1079 1775 succedunt,
1095 1703 1151 1767 sed

59 1801 254 1865 coexistunt.
269 1802 439 1866 Successio
455 1804 555 1885 igitur
579 1815 628 1867 est
643 1804 759 1867 relatio
775 1804 923 1885 quaedam
941 1805 1026 1865 inter
1041 1821 1110 1866 esse
1122 1810 1153 1863 et

60 1917 123 1962 non
141 1919 225 1976 esse,
243 1902 277 1963 in
295 1902 357 1965 hoc
373 1904 490 1984 posita,
508 1903 596 1983 quod
609 1923 668 1965 csse
683 1904 781 1966 unius
795 1905 960 1984 importet,
976 1914 1150 1984 supponat,

62 1999 208 2063 iucludet
228 2010 394 2082 utcunque
412 2021 477 2065 non
504 2023 563 2066 esse
592 2004 740 2068 alterius.
767 2004 904 2066 Definiri
931 2004 1032 2083 igitur
1047 2013 1153 2083 potest

62 2101 225 2164 successio
242 2111 402 2183 utsupra.
959 2110 961 2114 ’

16 2193 17 2286 ᾗ
97 2199 173 2263 589.
192 2204 338 2278 Duratio,
352 2222 409 2266 seu
423 2203 647 2282 permanentia
659 2203 788 2265 essendi
803 2202 978 2285 tripliciter
991 2199 1152 2264 sehabere

16 2302 17 2327 ι
61 2306 166 2379 potest
192 2311 341 2382 respectu
357 2302 587 2366 successionis.
606 2302 661 2365 Vei
679 2304 769 2364 enim
787 2302 1010 2384 permanentia
1023 2300 1150 2363 essendi

62 2396 130 2459 tutis
148 2413 208 2473 est,
225 2409 261 2463 ut
276 2419 351 2463 cum
366 2400 455 2464 nulla
471 2400 680 2464 successione
702 2401 856 2481 coniungi
879 2402 993 2482 possit,
1011 2400 1059 2462 vei
1076 2417 1151 2463 curn

17 2534 18 2537 =
61 2498 268 2561 successione
283 2501 508 2580 conjungitur,
525 2501 575 2563 vel
589 2510 639 2563 est
659 2502 882 2580 permanentia
897 2500 1002 2582 ipsius
1026 2518 1152 2564 succes·

17 2642 18 2667 ,
61 2610 178 2659 sionis.

17 2670 19 2819 Ι
98 2694 232 2757 Primus
253 2695 436 2760 durationis
466 2697 584 2762 modus
605 2705 654 2760 est
682 2697 860 2772 oetcreit0s3
881 2696 962 2759 aiter·
984 2695 1050 2758 dici
1070 2695 1153 2760 solet

59 2812 157 2856 noum
175 2812 184 2870 ;
200 2795 315 2858 tertius
331 2808 378 2858 est
393 2804 521 2878 tempus.
1153 2823 1154 2827 ¹

97 2893 276 2957 AEternites
293 2893 393 2974 igitur
415 2904 546 2957 estesse
563 2909 771 2973 permanens,
798 2890 852 2953 cni
871 2890 962 2954 uuita
990 2890 1152 2954 successio

60 2990 270 3055 affectionum
283 2993 458 3073 conjuncta
473 3003 534 3067 est,
547 3000 604 3056 eut
618 2990 774 3070 conjungi
788 2998 904 3070 potest.

97 3089 218 3154 AEvum
233 3101 365 3154 estesse
381 3109 589 3174 permanens,
603 3089 657 3152 cui
675 3087 839 3153 successio
854 3087 1062 3150 affectionum
1075 3104 1152 3151 con-

17 3210 20 3333 ι
58 3186 170 3267 iuncte
182 3198 242 3266 est,
260 3198 314 3252 eut
329 3191 446 3252 saitem
462 3188 617 3268 conjungi
643 3196 760 3267 potest.

19 3346 20 3363 ,
97 3284 243 3376 Tempus
259 3298 307 3351 est
322 3287 394 3371 ipsa
406 3286 623 3350 successionis
640 3282 878 3367 permanentia.

19 3376 20 3413 ³
97 3383 277 3447 AEternitas
296 3393 344 3448 est
362 3385 504 3459 duratio,
528 3402 601 3464 quse
630 3381 816 3463 possidetur
832 3388 897 3443 tota
912 3375 1017 3441 simui
1042 3379 1150 3459 quoad

59 3484 195 3560 omnia;
211 3502 314 3547 sevum
331 3494 379 3547 est
391 3483 601 3563 duratioquae
614 3481 799 3563 possidetur
812 3489 877 3542 tota
889 3478 999 3551 simul,
1009 3478 1067 3539 'sed
1084 3494 1151 3541 nou

59 3582 169 3661 quoad
197 3583 334 3648 omnia:
363 3592 492 3663 tempus
514 3590 563 3643 est
584 3580 715 3643 duratio
744 3578 840 3657 cuius
866 3587 972 3659 partes
987 3595 1021 3639 se
1038 3584 1151 3640 mutuo

19 3690 20 3693 ’
58 3680 251 3747 excludunt.
596 3732 598 3736 ,

97 3778 174 3843 590.
197 3782 276 3846 Esse
292 3788 400 3842 autem
416 3778 643 3853 eternitatem,
662 3776 744 3845 adeo
760 3787 885 3840 certum
903 3783 962 3850 est,
979 3781 1152 3838 etcertum

57 3885 189 3941 estesse
203 3879 271 3943 Eus
286 3898 303 3940 a
319 3898 365 3955 se,
382 3887 415 3942 et
429 3878 578 3941 absolute
595 3873 814 3939 immutabile.

87 3995 122 4049 (t)
135 3995 201 4052 Dite.
213 3996 270 4043 tter.
282 3993 349 4051 orep.
360 3996 387 4042 L.
398 3999 456 4039 sect.
468 3992 500 4040 it.
511 3993 524 4047 5
536 3991 567 4039 x.
