2792 4600
491 376 579 423 trena
600 374 723 434 narnus,
746 374 838 422 canor
859 375 889 420 v.
1171 360 1235 427 uti

145 490 365 555 extremitates
376 490 513 573 aliquid
529 490 676 555 medium
706 490 759 566 sit,
788 490 837 553 vai
864 490 910 553 its
931 499 967 554 ut
995 490 1081 556 inter
1105 493 1238 558 easdem

146 588 272 652 mediet
298 590 397 652 nihil.
428 587 606 654 Extensum
637 589 670 650 in
693 604 760 668 quo
782 587 888 668 prims
916 588 1001 668 viget
1022 591 1266 655 connexionis·

146 686 244 769 ratio,
276 686 398 749 dieitur
426 687 653 768 interruptum
684 685 834 765 illudque
860 686 894 747 in
924 705 991 767 qno
1016 688 1101 769 viget
1126 690 1240 767 altars,

145 784 340 848 minuam.
364 788 474 850 Potest
485 792 593 847 autem
609 783 699 866 quod
722 784 829 865 reipsa
845 784 1065 866 interruptum
1083 795 1141 863 est,
1158 806 1240 853 cou-

147 883 280 946 tinuum
295 884 336 945 ad
348 901 480 947 sensum
495 883 620 947 videri:
638 882 827 972 huiusmodi
845 894 922 945 sunt
936 901 1086 963 corporo.

191 999 302 1063 Partes
318 1016 391 1079 qnae
407 998 440 1060 in
463 997 622 1060 continuo
636 996 827 1059 immediate
846 985 1055 1076 copulantur,
1073 998 1122 1061 vel
1137 1017 1243 1079 oopu-

147 1096 260 1159 lnntur
274 1105 426 1159 contactu
449 1095 689 1159 extremitatum
705 1094 948 1169 distinctarum,
972 1094 1020 1157 vei
1038 1097 1116 1185 quia
1130 1108 1237 1159 extre·
1273 1147 1276 1154 .

150 1194 280 1258 mitates
307 1196 439 1284 proprie
464 1210 531 1260 non
559 1192 693 1268 hubent,
722 1193 777 1255 sed
806 1194 882 1255 finis
909 1193 1008 1256 unius
1034 1204 1082 1255 est
1106 1194 1242 1258 initium

148 1292 299 1355 alterius
312 1293 518 1373 Siprimum,
533 1290 992 1372 partessuntaotudistinotae‚
1006 1277 1240 1357 uisuntatomi

151 1407 347 1470 eorporum;
366 1391 393 1453 si
416 1390 568 1464 alterum,
592 1398 701 1470 partes
723 1389 1160 1467 aetudistinotaenonsunt‚
1179 1392 1244 1455 sad

152 1489 533 1569 solumdistinguihiies,
546 1497 582 1553 ut
598 1489 632 1551 in
647 1488 733 1551 linea
745 1491 955 1568 geometrioa.
969 1490 1074 1570 Atque
1089 1492 1156 1554 haeo
1167 1510 1242 1555 uere

151 1606 190 1651 so
212 1588 347 1670 proprie
360 1587 551 1650 continuitas
567 1588 775 1661 nominatum
792 1586 850 1648 illa
868 1594 978 1649 sutem
1007 1587 1099 1666 prior
1120 1588 1244 1654 dieitur

151 1686 351 1768 eontipuitot.
784 1680 787 1684 ’

192 1798 265 1864 titt.
279 1790 323 1865 tir
336 1800 386 1863 his
403 1799 499 1863 hasce
515 1800 724 1863 definitiones
740 1818 845 1890 erues.
865 1800 1070 1864 continuitas
1087 1810 1150 1864 est:
1163 1820 1239 1864 eon·

151 1901 248 1961 neuin
261 1899 399 1988 portium
414 1916 548 1980 quorun
561 1905 696 1961 extremo
711 1911 783 1962 sunt
797 1917 910 1963 unum.
960 1983 962 1986 Ι

197 2011 422 2093 contiguitas:
439 2013 590 2076 connexio
599 2014 738 2094 portium
750 2032 881 2096 quorum
892 2024 1028 2078 extremo
1042 2022 1114 2077 sunt
1129 2015 1243 2092 aimuh·

155 2111 180 2174 i.
199 2130 228 2176 e.
247 2130 282 2174 se
297 2112 491 2194 eontinpunt.

6 2250 7 2298 ;
113 2254 124 2274 t
155 2275 161 2294 ,
198 2208 417 2274 continuum:
438 2220 595 2273 extensum
610 2210 645 2272 in
660 2230 719 2293 quo
731 2213 871 2292 portium
885 2219 1021 2273 entismo
1036 2222 1109 2273 sunt
1121 2230 1219 2274 unum
1230 2234 1244 2289 ,·

197 2307 424 2390 compositum
436 2328 474 2373 ex
486 2309 650 2390 contiguis
664 2326 672 2373 :
686 2309 882 2372 extensumin
893 2309 1095 2392 puopurtiurn
1107 2319 1245 2374 extremo

154 2418 230 2473 sunt
243 2409 349 2473 simui.

199 2522 271 2588 155.
300 2523 500 2587 continuum
516 2522 604 2586 aliud
629 2533 676 2586 est
691 2541 889 2604 permanens,
914 2523 1004 2585 aliud
1030 2522 1244 2587 intensivum.

200 2625 398 2688 Permauens
414 2631 462 2685 est
483 2622 565 2684 iliud
581 2621 669 2703 eujus
680 2631 784 2702 portes
804 2622 862 2684 siti
876 2623 1061 2700 coexistunt,
1079 2631 1111 2685 et
1125 2621 1247 2685 dividi·

157 2732 213 2787 tur
228 2723 263 2785 in
278 2722 412 2798 lineam,
422 2721 657 2831 superficiem,
666 2720 822 2784 solidum

201 2820 427 2885 Successivum
444 2829 491 2882 est
506 2819 590 2882 illud
606 2818 693 2901 eujus
706 2828 809 2930 portes
823 2819 958 2882 sibinen
972 2819 1164 2882 consistunt:
1180 2820 1248 2884 Hu-

154 2918 302 3002 jusmodi
318 2926 367 2983 est
382 2926 489 2982 motus
504 2918 631 2993 localis,
648 2927 679 2980 et
694 2916 804 2981 omnis
819 2918 957 3010 mutatio
974 2936 1047 2999 quse
1062 2917 1098 2980 fit
1114 2918 1147 2980 iu
1164 2928 1245 2982 tem·

185 3036 254 3082 ore.

160 3037 276 3182 pidd.
302 3114 413 3178 Partes
430 3114 508 3177 item
535 3115 673 3195 inques
697 3113 893 3177 continuum
917 3112 1086 3175 divisibile
1101 3120 1160 3189 est,
1177 3077 1251 3175 alias

161 3215 320 3280 diduntur
341 3214 496 3296 diiouotoe,
514 3212 587 3275 atie
601 3207 782 3294 eliquanto,
799 3211 871 3273 aliae
884 3210 1135 3294 proportionales.

204 3312 359 3394 Aliquota
374 3320 522 3393 pareest,
539 3331 606 3393 quta
620 3312 778 3392 aliquoties
792 3319 914 3391 sumpto
925 3318 1023 3372 totum
1042 3310 1181 3390 odaequot
1192 3332 1204 3388 ,·
1217 3316 1254 3372 ut

162 3421 241 3475 sunt
255 3410 356 3492 paimi
373 3410 406 3473 in
423 3410 514 3488 ulna,
531 3420 564 3473 et
578 3410 775 3491 quadrantes
792 3409 826 3472 in
844 3410 936 3472 hors.

205 3526 394 3607 Aliquam,
418 3543 491 3607 quse
506 3543 571 3587 non
585 3533 627 3587 est
640 3524 922 3601 commemorandis
935 3540 1005 3585 euru
1027 3531 1099 3598 toto,
1113 3542 1169 3586 sen
1184 3542 1253 3605 pute

163 3625 290 3709 repetitu
299 3623 413 3706 pluries
425 3622 469 3687 nei
479 3630 579 3686 toturn
588 3622 717 3698 exemit,
731 3623 776 3685 nei
790 3623 827 3684 ab
841 3640 874 3685 eo
888 3622 1001 3702 deficit,
1014 3622 1154 3704 adsequor
1168 3642 1251 3686 nun·

165 3742 260 3807 quom
270 3740 281 3800 3
296 3735 331 3785 ut
342 3740 371 3784 v.
388 3737 438 3802 gr.
451 3719 647 3801 quadratum
663 3719 698 3782 in
715 3736 788 3781 area
805 3718 972 3781 eiroutari.

210 3834 476 3916 Proportiouaies
488 3832 632 3913 denique
644 3846 752 3913 partes
767 3846 854 3907 sunt,
863 3851 931 3913 pute
940 3835 1022 3913 fiunt
1035 3833 1255 3898 subdividendo

170 3947 269 4020 portes
282 3934 370 3997 eamd
384 3933 505 3997 dubitet
519 3935 622 3994 eodeni
646 3932 845 4021 proportione
858 3949 921 4011 qun
944 3933 1034 4011 prior
1048 3932 1159 3993 divisio
1172 3934 1257 4011 sueto

170 4043 225 4100 nt.
241 4033 281 4100 Ut
295 4049 399 4115 quum
414 4052 445 4096 v.
461 4047 511 4114 gr.
527 4029 752 4110 renangulum
768 4027 919 4090 bifariam
934 4028 1057 4090 dividis
1069 4029 1103 4090 in
1121 4029 1188 4094 duo
1203 4048 1257 4095 re·
