2792 4600
178 316 241 382 226
623 323 829 380 austronotus.

99 481 101 486 ·
176 450 289 511 medio
305 448 418 511 tollat:
436 456 603 510 extensum
621 445 710 508 enim
723 464 762 508 ex
775 446 952 510 inextensis
964 448 1045 510 oriri
1060 448 1186 529 nequit.
1200 452 1263 515 Sed

177 559 215 612 ut
230 548 330 609 fatear
345 546 433 627 quod
451 547 568 619 sentio,
586 546 620 613 in
638 564 705 625 quo
720 546 819 608 situm
834 548 876 608 sit
902 546 1138 610 inconveniens
1162 550 1263 625 istud,

176 664 238 727 ego
253 645 387 726 quidem
404 663 469 716 non
486 644 593 707 video.
604 638 740 706 ‘Etenim
754 644 780 705 si
798 644 998 707 extensionis
1014 646 1150 710 nomine
1169 647 1266 709 intel·

176 744 285 823 ligunt
305 762 417 807 verum
443 745 650 819 continuum,
679 742 797 806 fatetur
817 743 1009 818 Boscovicb,
1028 744 1096 807 imo
1124 743 1267 808 fatemur

173 861 304 920 omnes,
321 860 498 925 corporum
517 843 765 907 continuitatem
782 853 994 923 apparentem
1013 861 1094 917 esse,
1112 861 1179 908 non
1194 863 1267 907 rea-

176 942 254 1005 lem.
278 941 350 1004 Dixi
366 958 373 1007 :
389 941 528 1004 latemur
547 958 684 1015 omnes;
702 958 777 1003 nam
795 940 818 1001 ii
839 959 971 1021 quoque
987 942 1044 1023 qui
1067 943 1183 1005 ultima
1198 944 1266 1006 ele·

175 1050 285 1102 menta
301 1053 416 1118 putant
435 1047 565 1101 extensa
580 1028 665 1114 esse,
679 1047 767 1101 certe
783 1056 849 1101 non
865 1050 1014 1103 asserunt
1029 1058 1067 1102 ea
1080 1059 1116 1103 se
1131 1041 1264 1104 contin·

173 1154 250 1218 gere
279 1138 312 1199 in
343 1137 497 1201 omnibus
519 1136 672 1216 punctis;
695 1136 763 1199 imo
790 1135 933 1217 spatium
961 1137 1098 1217 aliquod
1128 1139 1266 1209 materia

177 1235 383 1319 ponderabili
400 1252 537 1297 vacuum
554 1235 640 1298 inter
654 1243 781 1298 atomos
794 1235 1027 1315 interpositum
1043 1236 1264 1314 arbitrantur;

172 1353 269 1400 secus
284 1334 375 1398 nulla
397 1342 482 1396 esset
496 1351 674 1414 corporum
691 1334 865 1413 perosius,
887 1335 978 1396 nulla
994 1334 1165 1413 possibilis
1185 1353 1265 1398 cou-

174 1434 337 1509 densatio,
367 1450 476 1513 tueque
497 1443 604 1495 mutus
631 1432 842 1496 molecularis
859 1433 892 1494 in
920 1433 961 1495 iis
986 1431 1073 1495 ullus
1100 1434 1263 1497 existeret.

173 1534 310 1599 Nullum
337 1534 470 1596 veroin
499 1534 561 1596 boe
581 1534 768 1597 invenimus
794 1532 998 1608 absurdum;
1027 1534 1148 1597 mirum
1174 1535 1266 1598 enim

176 1651 244 1696 non
270 1642 318 1695 est
347 1632 502 1696 minimas
533 1633 605 1695 illas
635 1633 805 1695 distantias
834 1632 988 1696 sensibus
1014 1650 1083 1697 non
1113 1634 1264 1716 percipi;

175 1751 283 1813 neque
307 1731 465 1795 idealistae
494 1749 532 1793 ex
550 1731 613 1794 boc
644 1730 764 1793 lucrari
795 1731 979 1811 quidquam
1006 1740 1172 1810 poterunt.
1189 1732 1263 1796 llou

165 1825 224 1895 'est
253 1847 330 1910 erpo
359 1827 540 1890 absurdum
569 1845 748 1909 corporum
771 1829 1020 1894 continuitatem
1051 1840 1262 1918 apparentem

174 1947 258 1992 esse.

217 2027 251 2090 Si
269 2045 344 2090 vero
360 2025 558 2088 extensionis
575 2027 710 2089 nomine
722 2036 934 2105 apparentem
949 2027 1199 2094 continuitatem
1215 2029 1276 2090 inn

173 2127 336 2207 telligant,
354 2134 538 2206 negantque
568 2126 653 2187 bano
668 2126 773 2205 ipsam
793 2125 978 2205 expunctis
1002 2125 1265 2190 boseovicbiunis

172 2225 256 2290 oriri
274 2243 380 2307 posse,
396 2223 430 2284 id
447 2222 565 2287 merito
578 2222 758 2303 rejiciatur.
775 2222 810 2286 Si
827 2223 916 2287 euim
931 2242 968 2286 aa
980 2232 1099 2306 punctu
1113 2226 1265 2307 contigua

174 2335 253 2390 sunt
269 2325 324 2400 ita,
342 2334 506 2388 uteorum
523 2323 676 2385 distantia
692 2341 793 2387 seusu
812 2324 937 2405 percipi
952 2337 1104 2405 nequeat,
1119 2326 1185 2404 iam
1202 2319 1264 2388 im-

176 2425 363 2508 pressiones
379 2440 459 2502 quas
474 2440 513 2485 ex
524 2438 639 2485 eorum
651 2423 779 2486 actione
791 2440 906 2487 sensus
920 2423 1105 2503 recipiunt,¹
1114 2424 1265 2489 continui

174 2513 498 2606 representationem
509 2519 791 2583 efficiantneuesse
803 2530 861 2585 est.
871 2520 976 2603 Atque
990 2524 1053 2585 boc
1061 2523 1265 2603 pactoconti-

174 2624 312 2688 unitatis
326 2623 567 2703 phaenomenon
580 2618 778 2683 habebitur.

218 2724 230 2749 *
252 2721 304 2786 52.
329 2721 415 2784 lllud
431 2736 532 2783 unum
548 2738 586 2781 ex
601 2721 660 2783 bac
675 2718 825 2783 doctrine
841 2720 1067 2800 consequitur,
1090 2719 1177 2782 nibil
1193 2738 1264 2784 esse

96 2889 99 2895 ,
176 2822 213 2885 in
229 2838 339 2884 rerum
362 2829 477 2881 natura
492 2817 580 2897 quod
597 2812 671 2879 vera¹
693 2817 910 2882 continuitate
936 2818 1085 2898 gaudeat,
1102 2837 1178 2882 cum
1196 2821 1265 2883 brec

177 2920 213 2982 in
235 2918 473 2980 elementorum
495 2924 706 2979 extensurum
729 2916 916 2996 bypotbesi,
935 2935 1122 2998 quanquam
1146 2937 1212 2983 nou
1228 2919 1263 2981 in

174 3015 384 3099 corporibus,
403 3015 436 3076 in
460 3015 630 3080 elementis
653 3022 761 3077 tamen
778 3033 893 3078 eorum
916 3017 1113 3096 reperiatur.
1137 3018 1182 3081 Ex
1202 3018 1265 3081 boc

176 3131 285 3179 autem
316 3115 528 3191 deducemus,
551 3116 764 3194 geometricas
794 3114 1104 3190 demonstrationes,
1127 3135 1201 3197 quae
1229 3117 1263 3178 in

176 3225 318 3297 utroque
343 3221 513 3294 systemate
538 3212 736 3294 corporibus
762 3212 906 3275 realibus
931 3214 1080 3293 rigorose
1104 3215 1263 3295 applicari
1315 3242 1317 3245 ·

177 3331 244 3377 non
271 3321 418 3393 possunt,
452 3328 546 3391 posse
567 3320 674 3372 tamen
698 3312 731 3372 in
758 3312 1087 3391 systemateatomico
1116 3312 1264 3391 rigorose

173 3411 335 3494 applicari
352 3410 479 3473 ultimis
490 3427 666 3490 corporum
679 3411 862 3484 elementis,
877 3428 943 3474 non
957 3411 1033 3472 item
1048 3413 1081 3472 iu
1094 3420 1265 3491 systemate

170 3511 289 3574 altero.
314 3510 477 3572 llocuero
493 3508 672 3570 discrimen
693 3509 973 3571 contemnendum
989 3524 1037 3570 est
1053 3525 1061 3572 :
1079 3527 1139 3571 neo
1160 3518 1264 3590 potest

175 3628 246 3672 esse
273 3610 357 3671 ratio
383 3626 441 3672 cur
456 3625 559 3671 unum
585 3621 724 3687 systema
739 3609 832 3671 alteri
861 3608 1060 3689 praeferatur.
1088 3610 1263 3689 Nunquam

175 3709 266 3771 enim
283 3707 380 3770 nobis
396 3724 447 3768 res
463 3705 525 3767 erit
540 3723 614 3768 oum
631 3706 749 3768 atomis
763 3724 771 3782 ;
789 3724 896 3787 neque
915 3707 980 3768 huc
995 3723 1071 3768 sane
1087 3706 1275 3788 geometria.

172 3813 309 3885 spectat.

217 3904 269 3967 55.
283 3904 386 3967 Venio
400 3920 489 3973 nunc
501 3902 539 3965 ad
554 3910 783 3982 argumentum
798 3901 893 3974 illud,
908 3920 974 3982 quo
986 3920 1116 3984 semper
1127 3911 1266 3965 utuntur

176 4002 276 4080 buJus
288 4002 424 4064 theoriae
437 4001 579 4064 lautores
595 4001 675 4080 llll:
689 3999 806 4062 ultima
817 4000 990 4081 compositi
1002 4001 1162 4064 elementa
1176 4017 1266 4062 com-
