2792 4600
164 291 210 355 12
527 354 533 367 ,
638 305 810 352 onrouotnt.

164 439 322 520 pluribus
337 438 563 521 significandis
594 439 747 520 imposita
763 449 821 516 est,
838 455 873 523 ut
901 450 932 503 et
958 440 1100 503 rationes
1116 441 1260 506 diversas

165 539 343 620 significet,
362 549 393 603 et
420 539 565 603 diversos
590 552 769 619 conceptus
783 542 954 621 exprimat.
972 540 1034 628 Sed
1052 541 1085 602 in
1110 540 1260 620 analogia

164 637 265 709 ontis,
284 637 388 700 lorma
403 656 476 717 quae
499 656 557 717 per
570 655 683 700 vocam
711 636 925 726 significatur,
942 656 1129 719 quanquam
1158 637 1201 700 sit
1225 637 1260 700 iu

165 743 310 814 utroque
340 738 478 813 analoga
494 738 633 810 diversa,
651 747 698 797 ast
715 746 822 797 tamea
839 737 971 817 utrique
985 740 1124 817 analogo
1140 736 1260 799 intrin-

165 847 242 893 seca
258 844 289 895 et
306 835 458 913 propria;
475 850 550 895 nam
563 852 592 896 v.
609 851 658 910 gr.
669 852 727 895 ens
739 833 871 896 finitum
886 834 1009 897 dicitur
1023 853 1081 897 eus
1096 834 1261 915 apropria

166 931 315 1005 entitate,
332 949 397 994 nou
414 932 454 992 ab
470 933 604 993 entitata
616 933 702 994 eutis
714 932 849 1007 infiniti,
863 933 1143 1013 quemadmodum
1155 933 1258 995 madi·

164 1030 243 1102 cina
258 1048 337 1092 sana
365 1032 489 1093 dicitur
504 1032 545 1093 ab
561 1030 714 1093 animalis
737 1033 887 1096 sanitate.
905 1032 989 1095 llinc
1004 1042 1051 1094 est
1074 1031 1163 1112 quod
1189 1049 1259 1107 ens,

168 1147 359 1210 quanquam
379 1132 523 1192 rationes
550 1131 695 1192 diversas
710 1130 885 1212 significet,
902 1147 968 1194 nou
984 1140 1092 1193 tamen
1116 1130 1262 1194 diversos

168 1228 326 1307 exprimit
353 1244 542 1310 conceptus,
573 1231 630 1290 sed
658 1247 774 1305 unum,
803 1239 958 1310 utsupra
984 1230 1185 1292 declaratum
1214 1240 1263 1292 est

167 1323 301 1404 (14,16).
319 1326 386 1389 Hoc
403 1330 523 1407 ipsum,
540 1336 575 1388 ut
589 1326 669 1388 alibi
696 1327 894 1403 videbimus,
912 1327 1022 1389 locum
1040 1326 1136 1390 babet
1151 1329 1185 1389 iu
1202 1344 1262 1391 uo·

167 1423 330 1498 minibus,
345 1443 417 1503 qnae
433 1426 500 1486 ileo
516 1424 708 1485 tribuuntur
724 1433 756 1486 et
770 1424 868 1487 rebus
884 1423 986 1486 finitis
1007 1429 1058 1503 (a).

211 1521 397 1584 Notandum
413 1522 446 1584 2⁰
461 1523 644 1601 analogiam
663 1539 761 1601 quam
776 1523 897 1584 babent
911 1522 951 1584 ad
966 1522 1107 1585 invicem
1119 1522 1262 1585 rationes

168 1619 307 1683 diversae
319 1622 405 1682 entis
418 1622 554 1681 nomine
566 1620 768 1699 significatae,
778 1621 913 1701 proprie
925 1636 991 1683 non
1001 1638 1069 1683 esse
1081 1637 1151 1682 eam
1165 1637 1263 1701 quam

168 1719 288 1780 dicunt
306 1721 530 1800 proportionis
546 1720 592 1795 (t.
610 1716 678 1797 68l;
696 1737 772 1780 uam
789 1737 903 1782 omues
919 1721 1073 1782 dicuntur
1088 1721 1174 1782 antia
1187 1736 1263 1800 pro·

171 1819 245 1897 prie
260 1830 292 1879 et
305 1820 465 1892 absolute,
483 1836 549 1880 nou
581 1836 658 1879 vero
674 1818 775 1882 altera
792 1821 926 1898 proprie
941 1829 973 1879 et
987 1819 1147 1895 absoluta,
1163 1818 1264 1881 altera

171 1919 217 1978 im
222 1917 696 1998 propriaetproportionaliter
706 1934 715 1979 2
725 1918 782 1978 sed
797 1934 867 1980 esse
882 1917 1065 1995 analogiam
1077 1916 1272 1991 attributio--

170 2015 227 2075 nis
254 2015 301 2092 (t.
329 2013 392 2093 66),
423 2015 605 2095 etquidem
633 2016 732 2078 unius
747 2016 788 2076 ad
803 2016 955 2078 alterum.
971 2014 1160 2076 Substantia
1174 2014 1264 2078 euim

170 2125 222 2175 est
237 2132 295 2177 ens
311 2133 369 2194 per
398 2134 445 2190 sa,
461 2116 613 2176 accidens
640 2132 699 2194 per
722 2113 949 2176 habitudinem
966 2113 1006 2175 ad
1022 2114 1130 2189 illam;
1146 2122 1179 2176 et
1206 2132 1265 2176 ans

171 2212 340 2275 inlinitum
354 2208 502 2274 absolute
517 2223 565 2273 est
580 2229 650 2284 ans,
668 2211 798 2272 finitum
815 2229 891 2273 vcro
905 2211 1175 2301 dependenterab
1192 2211 1263 2288 illo;

171 2323 307 2374 eatenus
323 2314 412 2374 enim
427 2324 475 2374 est
490 2330 559 2386 eus,
573 2321 735 2391 quatenus
750 2311 973 2394 aliquomodo
986 2311 1132 2374 imitatur
1147 2310 1263 2373 Deier-

171 2414 326 2485 sentiam,
343 2411 504 2491 abeoquo
521 2411 729 2491 producitur.

214 2510 402 2573 Notandum
431 2510 464 2571 5⁰
489 2510 522 2571 in
545 2508 694 2588 analogia
710 2508 807 2581 entis,
825 2507 852 2568 si
869 2517 1033 2588 spectetur
1048 2508 1082 2571 id
1096 2495 1265 2590 quod'boc

173 2613 313 2672 nomine
331 2611 547 2688 significatur,
564 2610 740 2686 analogum
756 2606 910 2688 princeps
929 2624 999 2668 esse
1017 2608 1265 2682 ensinflnitum,

174 2709 410 2771 secundarium
426 2717 532 2769 autem
550 2708 637 2770 ernia
653 2707 743 2768 linita
760 2723 768 2768 ;
785 2723 861 2767 nam
877 2707 944 2768 baec
962 2704 1003 2767 ab
1019 2705 1078 2769 illo
1096 2706 1217 2769 babent
1232 2719 1267 2770 ut

173 2809 255 2870 sint.
272 2806 306 2870 Si
324 2825 399 2870 vero
425 2815 588 2887 spectetur
615 2807 685 2886 ipsa
701 2803 846 2867 nominis
875 2802 1084 2883 significum,
1101 2822 1159 2867 aus
1174 2804 1267 2887 prius

174 2907 219 2968 de
230 2908 362 2968 entibus
377 2905 489 2966 finitus
504 2907 639 2981 dicitur,
656 2922 755 2985 quam
772 2903 812 2965 da
826 2902 982 2965 infinito:
998 2904 1057 2966 illa
1070 2904 1159 2965 enim
1173 2903 1268 3027 prius

172 3022 197 3067 a
210 3006 307 3068 uobis
322 3020 577 3084 cognoscuntur.

219 3105 397 3187 Propterea
412 3106 475 3167 d⁰a
499 3107 632 3166 veritate
659 3103 850 3183 longissime
862 3103 975 3165 abesse
990 3051 1150 3178 (liuberti,
1164 3120 1268 3183 quum

174 3216 285 3284 negat,
305 3207 367 3267 boc
382 3223 503 3266 nomen
520 3222 578 3265 eus
594 3203 693 3265 rebus
709 3202 828 3303 creatis
843 3201 944 3264 tribui
962 3218 1068 3282 posse,
1078 3219 1115 3263 ac
1129 3200 1269 3265 solilleo

176 3304 392 3369 tribuendum
408 3322 479 3365 esse
493 3303 676 3366 contendit.
775 3318 778 3325 ¹

606 3450 772 3496 tartcnuus
795 3449 842 3494 nt.

567 3564 609 3626 De
623 3565 784 3644 nepotiane
797 3563 886 3624 entis.

223 3701 274 3765 19.
295 3700 366 3763 Non
394 3698 500 3760 solunt
523 3715 581 3758 ens
596 3697 815 3776 concipimus,
832 3695 887 3757 sed
911 3694 1007 3756 etiam
1023 3695 1108 3758 entis
1124 3695 1270 3776 negatio·

179 3820 267 3872 notri,
280 3810 350 3861 tunt
362 3796 556 3867 absolutam,
573 3812 645 3875 qnae
660 3804 709 3856 est
721 3792 849 3874 negatio
864 3792 1042 3855 existentia
1054 3792 1118 3870 (ltu
1134 3793 1170 3857 L.
1185 3794 1270 3873 155),

178 3914 215 3966 ut
244 3914 347 3979 quum
364 3894 579 3973 intelligimus
594 3902 788 3953 centaurum
804 3908 871 3953 nou
892 3892 1048 3966 existere;
1065 3901 1134 3953 tum
1159 3892 1272 3954 relati·

209 4032 241 4087 (l)
250 4028 287 4075 cl.
297 4028 395 4074 suarez.
411 4024 466 4071 lllet.
476 4024 542 4081 btap.
553 4020 666 4069 xxtlll.
677 4021 741 4069 Sect.
751 4021 793 4068 ill.
804 4022 864 4076 514.
