2792 4600
216 341 278 407 360
650 359 842 406 cosxotoctx.

216 474 397 556 spicimus;
432 473 581 556 illudque
617 476 755 537 associat
787 477 957 557 conceptui
994 476 1090 557 spatii
1123 479 1298 559 possibilis,
1363 547 1364 550 ,

217 574 494 654 quemadmodum
518 580 647 655 semper
662 575 737 637 aliis
757 576 970 656 conceptibus
990 577 1055 639 alia
1082 579 1297 657 phantasmata

216 674 366 748 associat,
390 692 478 737 exea
493 684 612 738 nostrae
627 684 751 738 naturas
780 674 850 756 lege
864 693 929 756 qua
945 675 990 750 tlt,
1008 685 1044 740 ut
1059 666 1239 741 intellectus
1266 681 1300 744 in

217 772 1055 855 suisactibusaphantasmatibusdependeat,iisque
1067 776 1298 856 propemodum
1364 777 1365 804 ³

219 872 391 934 innitatur.
415 872 563 953 Cumque
580 873 643 934 boc
664 873 856 951 phantasma
872 872 914 934 sit
931 890 1034 935 unum
1051 890 1088 935 cx
1108 872 1149 934 iis
1163 893 1305 957 perque·
1363 807 1365 960 ⁴

219 969 411 1048 imaginatio
426 977 563 1032 conatur
578 969 696 1030 mentis
712 978 900 1049 conceptus,
918 977 1077 1050 quantum
1103 979 1219 1051 potest,
1235 990 1300 1035 sen·

218 1067 372 1130 sibilibus
394 1069 479 1132 notis
498 1066 665 1141 exhibere,
687 1084 753 1129 non
775 1076 824 1129 est
842 1068 1041 1140 mirandum,
1066 1067 1093 1129 si
1119 1070 1300 1148 phantasma

222 1166 309 1229 istud
331 1168 448 1230 mentis
466 1166 638 1247 conceptui
662 1184 722 1229 nec
739 1167 911 1247 opinantes
926 1166 1171 1230 substituamus.
1192 1169 1236 1232 Ex
1250 1170 1302 1233 hac
1365 1221 1366 1252 ,

222 1276 330 1327 autem
346 1265 578 1328 substitutione
592 1267 818 1345 consequitur,
836 1274 871 1327 ut
887 1266 927 1328 de
943 1264 1132 1327 extensione
1148 1264 1302 1345 possibili,
1365 1261 1366 1318 l

222 1374 379 1452 tanquam
395 1365 436 1426 de
451 1383 486 1426 re
498 1365 664 1438 existente,
682 1373 713 1427 et
728 1365 908 1445 cogitemus
923 1375 953 1427 et
970 1365 1154 1445 loquamur.

263 1461 449 1524 Notandum
475 1462 606 1537 deinde,
630 1481 735 1544 quum
765 1464 906 1543 spatium
937 1463 1078 1525 dicimus
1105 1479 1175 1526 esse
1204 1470 1304 1525 exten·

224 1564 352 1625 sionem
367 1561 570 1643 possibilem,
587 1563 810 1625 extensionem
827 1559 1036 1624 solummodo
1052 1560 1306 1642 geometricama
1366 1577 1367 1582 ¹

223 1660 319 1723 nobis
334 1657 548 1735 considerari,
559 1658 751 1740 praecisione
763 1659 845 1722 facta
856 1678 875 1721 a
886 1658 916 1720 vi
927 1658 1098 1722 resistendi
1116 1667 1179 1720 eta
1193 1658 1310 1720 caeteris

226 1760 375 1839 corporis
389 1757 615 1840 qualitatibus.

266 1857 339 1919 555.
371 1857 531 1921 Probatur
559 1856 746 1938 propositio
775 1859 805 1919 l⁰
824 1866 1014 1937 argumento
1044 1855 1253 1919 exclusionis.
1280 1857 1308 1920 ld
1367 1855 1368 1936 l

228 1956 318 2036 quod
333 1956 540 2036 concipimus
552 1965 654 2037 quum
666 1956 809 2037 spatium
818 1949 1037 2035 concipimus,
1054 1972 1121 2017 non
1133 1963 1181 2016 est
1193 1954 1309 2035 aliquid
1367 1953 1368 1956 ’

229 2054 391 2132 existeus3
417 2062 452 2117 ut
466 2051 658 2116 certumest
672 2072 711 2115 ex
731 2053 830 2116 modo
853 2053 1094 2116 demonstratis.
1111 2053 1175 2116 Sed
1187 2051 1311 2114 aliunde

228 2171 295 2215 non
311 2160 360 2220 est
371 2170 492 2232 purum
506 2151 603 2228 nibil,
622 2161 657 2213 ut
673 2160 770 2232 patet.
789 2152 873 2233 Ergo
889 2147 1247 2232 estaliquidpossibile.
1263 2148 1314 2214 Est

229 2260 337 2313 autem
353 2249 510 2315 extensio.
524 2250 609 2331 Ergo
625 2259 671 2313 est
687 2250 834 2313 extensio
851 2249 1031 2332 possibilis.

271 2349 304 2411 2⁰
326 2349 489 2413 Intellecta
515 2349 705 2412 extensione
735 2349 885 2430 possibili
902 2349 1002 2414 modo
1027 2349 1228 2430 supradicto,
1258 2349 1316 2411 hoc

231 2450 304 2528 ipso
330 2448 524 2528 intelligitur
549 2465 586 2509 ac
611 2447 683 2510 siue
711 2448 780 2510 ullo
808 2446 921 2512 addito
949 2450 1091 2529 spatium
1121 2446 1313 2510 absolutum.

232 2545 351 2609 Omnes
378 2546 476 2609 enim
496 2556 582 2609 notae
597 2564 670 2626 quae
686 2545 721 2607 in
748 2545 846 2626 spatii
861 2545 1003 2608 absoluti
1028 2554 1190 2625 conceptu
1218 2545 1316 2608 couti·

232 2655 363 2718 nentur,
377 2654 409 2707 et
423 2644 457 2706 in
474 2646 698 2725 phantasmate
713 2645 820 2708 eidem
837 2645 974 2721 adnexo,
992 2644 1207 2707 sensibilibus
1222 2645 1316 2708 linea·

234 2745 353 2805 mentis
393 2752 560 2824 utcunque
585 2751 871 2824 representantur,
904 2750 981 2805 sunt
1007 2752 1091 2806 notae
1122 2740 1318 2805 extensionis

234 2841 414 2922 possibilis,
431 2859 504 2923 quae
519 2841 569 2903 illi
583 2843 679 2905 unice
695 2843 869 2905 convenire
886 2851 1034 2923 possunt.

275 2942 359 3029 Sane
394 2958 571 3021 corporum
608 2940 847 3004 coexisteutium
890 2941 991 3003 series
1017 2940 1186 3023 possibilis
1226 2940 1317 3003 tinem

234 3038 363 3102 nullum
394 3038 514 3116 babet;
541 3039 654 3102 nullus
680 3040 828 3101 estenim
852 3039 946 3101 limes
970 3039 1210 3119 possibilitatis.
1240 3038 1319 3120 urge

180 3144 182 3146 ’
235 3138 379 3202 extensio
410 3157 541 3220 quoque
554 3157 627 3219 quaa
639 3156 677 3199 ex
693 3138 778 3200 serie
801 3138 858 3200 illa
873 3156 1071 3220 consurgere
1087 3146 1204 3220 potest,
1233 3138 1320 3201 nullo

235 3238 300 3299 fine
321 3238 568 3317 constringitur.
595 3235 679 3297 llinc
703 3244 838 3316 apparet
863 3254 922 3299 cur
950 3235 1094 3318 spatium
1119 3237 1319 3318 concipiatur

234 3344 324 3397 extra
347 3335 457 3396 mundi
476 3335 585 3397 limites
599 3334 755 3414 indefinite
776 3330 934 3415 diffusum.
962 3335 1155 3416 concipitur
1171 3334 1259 3397 idem
1273 3334 1343 3396 itt·-

234 3440 381 3507 emtum,
411 3444 569 3507 cremum,
595 3431 808 3505 amatorium,
839 3430 1096 3507 indestructibilc5
1116 3435 1194 3511 qula
1221 3430 1318 3512 possi·

234 3530 345 3594 bilitas
361 3530 542 3594 necessaria
557 3539 615 3607 est,
626 3530 872 3609 eademquenec
888 3529 1181 3609 productaest,nec
1193 3528 1319 3592 initiunt

237 3628 363 3703 habuit,
380 3645 441 3691 uec
453 3629 551 3690 linem
565 3629 684 3690 babere
694 3639 810 3708 potest.
825 3626 979 3691 lmmcbt'lc
991 3628 1320 3707 insupescomtcuts

237 3738 268 3790 et
294 3728 501 3803 inuiolatum
518 3729 596 3808 quia
623 3726 823 3808 possibilitas
849 3729 959 3790 omnia
974 3727 1226 3806 comprehendit
1254 3742 1321 3806 que

237 3827 518 3907 comprehendere
548 3835 665 3907 potest,
701 3826 892 3906 nullamque
928 3829 1142 3889 mutationem
1170 3823 1320 3889 admittit.

236 3925 374 3986 Demum
399 3926 506 3988 omnic
531 3925 770 4006 corporusputt'o
793 3924 924 3986 insidere
939 3924 1131 4004 cogitamus,
1158 3924 1192 3985 in
1222 3938 1322 4003 eoque

238 4022 341 4102 recipi
358 4040 460 4102 quum
476 4032 643 4097 creantur‚·
656 4023 734 4101 quia
748 4023 838 4103 quod
854 4023 963 4085 existit
975 4034 1023 4085 est
1034 4022 1133 4085 etiam
1151 4021 1322 4104 possibile;
