2792 4600
480 315 565 359 mem
587 315 708 373 aeruna,
732 317 824 362 canor
846 319 887 363 1v.
1178 308 1220 369 53

171 430 349 493 Pnorostrto
365 430 405 494 ll.
423 428 479 491 Eat
494 429 530 490 t'u
544 428 633 492 redut
644 431 786 493 omuibus
802 432 907 492 unitur
920 429 1073 511 formulis.

169 529 315 593 Assertio
333 530 401 593 haee
413 530 465 591 vix
491 528 713 592 declaratione
729 537 812 610 eget.
826 528 881 593 Est
893 531 983 593 euim
996 534 1220 611 manifestum,

127 645 229 689 omne
245 628 454 690 individuum
467 643 534 689 non
547 625 654 689 sulum
670 645 740 688 esse
756 645 859 690 unum
877 647 1028 706 numero,
1042 633 1098 694 sed
1116 652 1222 697 unum

129 725 229 789 etiam
245 726 426 790 seeundum
443 726 631 788 essentiam.

173 821 455 896 Quemadmodum
467 831 575 885 autem
592 824 751 885 unitatem
765 822 1001 887 individualem
1014 832 1224 910 unumquod-

131 940 197 1000 que
214 922 321 996 hahet,
339 939 405 984 non
419 941 457 983 ex
472 922 590 982 mentis
612 922 816 1001 operatione,
830 923 887 983 sed
904 923 1022 1003 reipsa,
1040 925 1084 988 ita
1099 936 1130 988 et
1145 932 1222 991 uui-

131 1028 230 1082 tatem
246 1021 463 1083 essentialem.
494 1020 576 1082 Vere
591 1022 679 1082 enim
703 1037 803 1082 uuam
827 1020 925 1084 habet
953 1024 1140 1100 essentiam,
1154 1045 1222 1089 non

133 1124 259 1198 plures.

176 1217 184 1239 ”
201 1217 380 1281 Pnooosrrto
393 1216 448 1281 lll.
468 1215 577 1279 Uettus
591 1215 783 1295 formalidad
798 1217 991 1282 individuali
1004 1222 1221 1303 distinquitur,

131 1334 198 1379 noo
209 1325 313 1378 tumen
324 1317 455 1391 realiter,
473 1318 524 1377 sed
538 1316 637 1377 solunt
651 1316 782 1378 ratione.

175 1414 285 1477 Prima
302 1432 377 1496 pars
393 1414 604 1479 theorematis
617 1423 704 1494 patet
715 1434 754 1476 ex
766 1415 915 1495 eo‚quod
928 1422 1068 1481 essentia
1081 1421 1224 1502 intelligi

134 1522 241 1592 potest
255 1512 448 1593 praecisione
470 1511 553 1573 lacta
567 1511 608 1572 ab
625 1511 750 1573 unitate
774 1512 988 1591 individuali3
1004 1516 1060 1578 sed
1083 1516 1224 1599 intelligi

134 1614 251 1692 nequit
265 1611 347 1693 quin
364 1611 472 1673 inille
487 1609 634 1673 formalis
654 1614 761 1671 unitas
782 1628 816 1672 se
838 1611 966 1690 prodat.
984 1613 1053 1677 lmo
1069 1620 1223 1693 essentia,

131 1713 232 1775 etiarn
249 1728 351 1792 quum
363 1712 522 1791 cogitatur
538 1719 574 1772 ut
589 1709 796 1783 universalis,
812 1708 982 1774 formalem
998 1713 1156 1778 unitatem
1172 1735 1225 1779 re·

133 1810 231 1885 tinet;
248 1826 437 1890 quanquam
468 1809 586 1872 unitati
611 1807 807 1871 individuali
823 1809 866 1870 sit
881 1827 920 1873 eo
945 1813 1222 1894 modoopposita.

133 1905 218 1987 Ergo
231 1910 340 1971 unitas
353 1907 501 1970 formalis
513 1906 554 1969 ab
567 1905 775 1982 individuali,
790 1907 904 1971 saltem
917 1922 1076 1990 conceptu
1090 1914 1223 1989 mentis,

136 2005 362 2088 distinguitur.
503 2070 506 2075 ,

174 2105 246 2169 Non
263 2115 373 2168 tamen
402 2106 618 2185 distinguitur
638 2106 770 2168 realiter
785 2116 868 2168 etex
884 2107 930 2169 rei
948 2116 1074 2171 natura.
1092 2109 1223 2173 Etenim

134 2205 393 2267 essentiaomuis
403 2223 442 2267 ex
450 2204 497 2267 rei
514 2214 629 2269 natura
645 2222 712 2267 non
725 2217 774 2267 est
790 2205 887 2267 realis
898 2205 961 2267 nisi
976 2208 1011 2267 in
1027 2206 1222 2275 individuis.

133 2305 221 2383 llrgo
236 2304 357 2367 realem
373 2305 532 2366 unitatem
562 2296 817 2366 formalem-non
845 2304 943 2365 habet
968 2305 1032 2366 nisi
1049 2307 1082 2367 in
1099 2307 1226 2371 unitate

136 2401 345 2463 individuali.
362 2401 464 2464 Porro
479 2401 621 2463 essentia
635 2400 683 2462 rei
700 2401 879 2463 individue
894 2404 1005 2464 estrei
1022 2403 1086 2483 ipsi
1102 2405 1225 2467 intrin-

135 2512 209 2563 seca
219 2511 252 2562 et
265 2500 460 2563 essentialis.
473 2499 558 2580 Ergo
574 2511 606 2563 et
621 2500 729 2563 unitas
745 2499 893 2563 fornralis
906 2505 1053 2566 essentiae
1071 2505 1227 2584 hujusest

134 2599 182 2661 illi
199 2598 418 2662 essentialiter
433 2599 622 2662 intrinseca.
632 2598 695 2662 Sed
711 2599 801 2679 quod
818 2600 1034 2662 intrinsecum
1050 2610 1099 2664 est
1113 2621 1224 2666 essen·

133 2697 257 2760 tialiter
271 2699 320 2761 rei
337 2697 576 2771 individuae‚ab
588 2699 659 2777 ipsa
675 2698 808 2760 realiter
821 2715 887 2759 non
903 2698 1225 2779 distinguiturlirgo

135 2797 244 2860 unitas
259 2796 408 2859 formalis
423 2796 571 2858 essentiae
586 2812 652 2857 uon
665 2794 882 2875 distinguitur
897 2797 1005 2875 reipsa
1019 2796 1061 2858 ab
1074 2797 1224 2876 ejusdem

134 2898 261 2958 unitate
273 2894 482 2957 individuali.

178 2994 277 3058 *ton
307 2994 507 3058 Conotmma.
528 2994 559 3053 1⁰
588 2990 746 3055 Furinalis
773 3005 896 3054 naturae
927 2994 1034 3055 unitas
1057 2995 1221 3075 multipli-

134 3102 240 3167 eatur,
259 3093 367 3173 prouti
384 3092 646 3173 multiplicantur
662 3090 843 3184 individua.
857 3091 986 3153 Etenim
1003 3098 1117 3153 natura
1132 3093 1225 3156 nulla

125 3202 185 3255 eat
197 3192 330 3255 realiter
345 3209 410 3254 una
424 3191 459 3253 in
476 3190 645 3270 pluribus;
662 3189 720 3251 sed
745 3188 1009 3268 multiplicantur
1026 3198 1147 3253 naturae
1162 3210 1224 3271 pro

135 3310 277 3355 numero
294 3289 553 3353 individuorum.
569 3287 653 3367 Ergo
666 3298 697 3349 et
713 3288 820 3348 unitas
836 3288 995 3362 formalis,
1014 3307 1087 3368 qne
1102 3303 1227 3353 naturae

126 3391 236 3454 realis
251 3389 429 3452 intrinseua
442 3388 623 3468 proprietas
635 3396 694 3461 est,
708 3403 784 3447 oum
796 3397 911 3447 natura
926 3385 1007 3448 reali
1024 3388 1225 3468 multiplica·

135 3499 204 3555 tur.
857 3564 863 3572 ,

179 3588 212 3650 2⁰
229 3587 311 3650 lline
327 3585 580 3664 individuaque
595 3582 744 3664 eiusdem
759 3593 882 3646 naturae
894 3599 964 3644 esse
976 3582 1143 3658 dieantur,
1156 3602 1226 3647 non

139 3689 262 3751 nabent
273 3702 373 3748 unam
387 3692 420 3746 et
434 3682 582 3745 eamdem
602 3682 762 3743 unitatem
778 3678 948 3742 formalem
964 3679 1119 3742 omnibus
1134 3699 1225 3745 eont-

138 3804 286 3859 munem,
310 3802 371 3847 nee
387 3783 507 3845 habero
532 3791 689 3862 possunt:
707 3779 762 3843 sed
779 3797 837 3860 per
860 3777 978 3840 mentis
999 3781 1228 3859 operationem

137 3906 203 3967 qua
216 3894 331 3948 natura
346 3883 539 3947 universalis
567 3882 767 3962 coneipitur,
783 3898 898 3944 eorum
918 3879 1058 3943 unitates
1072 3880 1230 3946 formales

139 3989 286 4047 inunum
304 3982 505 4045 coalescunt.
