2792 4600
510 320 596 365 arasa
618 321 739 378 narnus
763 326 854 370 carun
875 327 897 374 t.
1221 316 1260 378 lb

167 448 318 511 tellectus
331 458 409 512 tunc
420 468 552 530 quoque
564 471 667 532 quum
683 474 820 518 non-ens
834 458 1013 547 cogitat,ad
1028 463 1162 525 modum
1174 468 1260 526 entis

169 549 335 625 concipiat
351 548 432 610 illud
446 567 483 609 ae
497 548 605 627 lingat.
626 554 749 615 Exinde
764 574 822 615 ens
840 558 989 633 rationis;
1008 563 1096 640 quod
1124 556 1258 642 genera-

167 647 227 709 tim
244 647 422 709 definitur:
440 649 473 709 id
486 650 567 729 quod
581 671 601 711 a
618 654 739 712 ratione
761 656 913 734 cogitatur
928 668 960 718 ut
983 678 1045 732 ens,
1063 679 1131 721 cum
1156 670 1258 725 tamen
1359 647 1365 653 ’

167 746 242 808 inse
255 749 414 807 entitatem
436 766 499 808 non
525 749 643 811 babeat.
675 748 782 822 Quum
799 771 827 812 v.
845 771 893 830 gr.
913 754 1097 817 intellectus
1113 763 1258 840 concipit

166 861 275 905 aurern
293 846 366 905 luce
378 862 443 906 non
462 844 654 917 illuminari,
673 848 758 908 nihil
775 851 920 930 concipit
938 870 994 931 per
1008 855 1142 917 modum
1159 859 1255 932 entis,

65 1021 69 1027 ι
167 941 223 1004 sed
250 945 359 1004 solum
385 944 590 1023 negationem
622 947 720 1007 unius
751 949 910 1012 death-ru
933 955 1171 1029 apprehendit;
1199 956 1256 1017 sed

166 1058 269 1123 quum
307 1043 490 1121 negationis
525 1042 622 1124 hujus
658 1054 852 1126 conceptum
876 1048 1061 1127 simplicem
1086 1050 1257 1114 efformare

166 1137 295 1213 nititur,
314 1148 391 1203 tuuc
406 1141 446 1202 de
472 1141 616 1203 tenebris
637 1143 758 1222 cogitat
788 1160 941 1224 tanquam
959 1149 999 1207 de
1014 1150 1155 1227 quadarn
1167 1151 1256 1219 aeris

165 1238 349 1311 affectione,
367 1256 403 1300 ac
434 1257 549 1318 puram
566 1242 772 1318 negationem
790 1245 924 1323 respicit
940 1256 1092 1325 tanquam
1111 1266 1180 1321 ens,
1202 1249 1256 1310 cui

164 1336 205 1398 ad
223 1337 358 1399 modum
372 1338 497 1398 entium
515 1338 650 1400 realium
668 1340 804 1417 subiecti
823 1341 870 1401 v‹l
890 1345 1054 1421 praedicati
1083 1360 1189 1425 partes
1218 1348 1252 1407 in

165 1436 394 1514 propositione
416 1436 583 1511 attribuit;
603 1449 636 1497 ut
662 1436 697 1497 fit
715 1458 742 1498 v.
759 1456 808 1516 gr.
826 1458 928 1519 quum
945 1442 1109 1507 dicimus:
1126 1444 1254 1507 tenebre

161 1547 262 1613 erum,
282 1536 329 1596 vel
344 1554 351 1598 :
368 1554 422 1595 uer
435 1544 477 1595 eat
489 1536 672 1596 tenebrosus.
688 1533 823 1614 Negatio
839 1538 883 1598 ita
899 1554 1055 1620 concepta
1067 1552 1114 1603 est
1129 1561 1187 1604 ens
1200 1561 1252 1605 ra·

163 1635 277 1697 tionis.
717 1700 721 1705 ,

205 1736 216 1757 ”
238 1733 289 1795 25.
315 1733 351 1794 ln
378 1733 441 1796 hoc
470 1743 578 1794 autem
594 1733 805 1813 concipiendi
820 1734 919 1796 modo
936 1737 1025 1799 nulla
1041 1750 1087 1799 est
1105 1737 1250 1804 salsitas:

161 1853 265 1914 quum
280 1835 368 1895 enim
387 1835 446 1895 hos
461 1834 845 1913 conceptusellingimus
857 1836 1042 1899 nullatenus
1054 1836 1252 1901 affirmamus

161 1951 232 1995 esse
248 1936 355 2012 reipsa
371 1950 444 2012 quae
460 1950 526 1993 non
542 1942 629 2004 sunt,
647 1935 702 1992 sed
726 1934 832 1993 solum
847 1935 1029 2012 'cogitamus
1045 1936 1086 1996 de
1112 1935 1153 1996 iis
1178 1954 1252 2016 quae

162 2049 228 2095 non
245 2040 322 2092 sunt
350 2033 389 2091 ad
407 2031 542 2092 mudum
564 2049 679 2092 eornm
696 2042 881 2109 quaesunt:
900 2032 956 2112 qni
974 2034 1109 2111 quidem
1139 2033 1251 2095 conci·
1274 2086 1279 2093 .

163 2116 276 2210 piendi
294 2119 412 2190 modus
427 2139 475 2190 est
501 2127 615 2208 utique
631 2129 878 2209 metaphoricos
893 2137 925 2191 ct
940 2130 1154 2211 improprius,
1183 2149 1249 2194 nun
1337 2124 1340 2129 ’

161 2241 269 2290 tamen
287 2228 417 2290 falsitati
435 2228 610 2292 obnoxius.
1300 2310 1303 2316 .

193 2324 1249 2392 *tdnns'raaionisnonhaheteumentibusreattnusoommunem

145 2453 147 2457 ·
160 2444 369 2508 conceptum,
379 2430 435 2490 sed
451 2431 504 2491 hic
516 2440 692 2507 conceptus
706 2426 754 2488 illi
769 2428 954 2505 applicatur
965 2447 1003 2489 ex
1018 2430 1157 2508 quadam
1171 2429 1249 2516 prb·

160 2528 323 2609 portionis
337 2528 486 2606 analogia
502 2546 576 2589 cum
593 2541 667 2589 ente
681 2527 781 2599 reali;
796 2527 872 2605 quia
890 2527 1041 2588 videlicet
1055 2529 1095 2588 ad
1113 2529 1247 2590 modum

157 2627 244 2689 entis
259 2626 356 2688 realis
368 2629 540 2706 cogitatur,
554 2637 585 2689 et
600 2627 633 2688 in
649 2627 786 2689 rationis
798 2627 1046 2708 operationibus
1058 2627 1245 2691 adhibetur.

159 2726 228 2789 flue
244 2735 337 2805 pactu
352 2727 475 2787 dieitur
488 2744 551 2786 ent.
567 2724 694 2788 Dicitur
710 2744 785 2786 vcro
797 2744 849 2785 ens
863 2725 1005 2795 rationis,
1017 2726 1102 2804 ‘quia
1119 2727 1247 2788 nullutn

109 2895 113 2902 ⁴
159 2821 342 2885 habetesse
368 2823 455 2884 reale
470 2832 534 2884 eta
556 2823 682 2884 ratione
709 2821 947 2900 independens,
979 2822 1158 2883 sedsulum
1188 2842 1247 2904 per

157 2931 265 2984 actum
282 2919 850 3000 intellectusobjectivumquoddatn
866 2921 977 2980 esseln
988 2918 1059 3000 ipso
1076 2920 1245 2984 intellectu

157 3018 316 3100 adquirit.
480 3086 482 3090 ,
974 3003 979 3012 ’

197 3117 249 3181 tt.
268 3117 401 3180 Entium
429 3117 567 3180 rationis
592 3117 711 3196 triplex
738 3126 785 3192 est
800 3115 926 3177 classis.
944 3113 991 3175 Ad
1011 3114 1150 3195 primam
1172 3107 1245 3195 per-

156 3218 262 3280 tin-ent
277 3235 322 3278 eae
341 3213 785 3292 combinationesflidearum,
803 3231 875 3293 quaa
891 3211 1016 3293 aliquid
1039 3213 1246 3293 impossibile

155 3317 322 3391 exhibent,
340 3315 496 3395 quodque
513 3314 637 3376 nnllam
654 3314 832 3374 realitatem
848 3311 945 3372 hahet
957 3329 1062 3392 neque
1077 3315 1244 3392 physicam

157 3435 263 3498 neque
279 3415 532 3495 metaphysieam
548 3430 556 3476 :
574 3413 613 3474 ad
629 3413 763 3474 alteram
782 3412 970 3491 negationes
985 3423 1017 3472 et
1032 3411 1241 3492 privationes:

153 3518 194 3579 ad
209 3514 339 3578 tertiam
365 3514 540 3577 relationes
556 3514 718 3593 quedam,
735 3529 808 3592 quae
824 3511 871 3573 rel
889 3529 927 3572 ex
953 3519 1020 3574 toto
1035 3513 1083 3573 vel
1100 3531 1138 3574 ex
1154 3525 1244 3593 parte

156 3618 324 3697 finguntur
339 3614 379 3676 ab
395 3614 573 3684 intellectu,
593 3622 628 3674 ut
643 3623 691 3672 est
706 3631 755 3673 er.
772 3629 821 3690 gr.
838 3612 953 3673 relatio
970 3610 1151 3690 identitatis
1167 3631 1243 3676 cum

155 3714 277 3795 seipso.
296 3714 339 3776 lle
353 3713 405 3774 his
421 3711 637 3802 relationibus
653 3710 815 3772 suoloau.

584 3844 748 3890 intinctus
780 3844 808 3889 v.

299 3911 340 3973 lle
362 3911 530 3991 principiis
544 3928 610 3992 quoe
624 3913 661 3970 ub
686 3911 764 3971 entis
779 3908 904 3969 notione
918 3908 1094 3971 dimanant.

193 4012 244 4076 28.
269 4012 375 4087 Quum
393 4010 577 4074 intellectus
597 4028 656 4071 ens
677 4008 875 4082 colluderet,
893 4017 1000 4069 actum
1017 4007 1146 4069 essendi
1164 4007 1237 4085 (tlt),
