2792 4600
185 305 247 369 lib
440 293 444 298 ’
635 314 826 363 uosuoxoom.

186 456 286 500 sensu
313 434 380 517 peri
387 433 537 515 patetico,
555 450 655 518 conc.;
671 433 738 493 aiio
754 447 851 492 sensu
870 428 1028 507 legitimo,
1045 446 1113 509 neq.
1143 427 1275 490 Etenim

183 539 273 616 juxta
290 533 519 616 peripateticos
534 532 569 594 fit
584 531 751 612 generatio
767 529 957 591 substantie
971 547 1056 589 uouoe
1081 527 1274 607 simpliciter,

185 652 304 715 nempe
320 632 450 696 eductio
466 649 556 694 novae
573 630 683 693 formae
698 649 737 691 ex
761 628 897 691 materia
912 628 1036 708 prima:
1052 625 1143 707 juxta
1155 624 1274 689 atomi-

184 741 249 796 stas
263 742 369 794 autem
383 731 417 793 lit
428 731 595 810 generatio
607 728 797 791 substantiae
809 746 895 790 uoto
908 728 1072 790 secundum
1084 726 1169 806 quid,
1184 725 1274 788 viciem

185 832 262 895 licet
273 833 460 895 substantiae
472 829 662 909 composite
674 847 712 890 ex
725 827 814 889 binis
828 826 1109 907 praeexistentibus
1122 826 1273 888 substan·

185 931 251 1004 tiis,
290 930 372 1011 quin
409 946 529 991 novum
566 927 671 989 ullum
709 925 909 988 elementum
945 923 1158 1004 producatur.
1198 922 1274 1000 Quae

185 1030 381 1111 compositio
403 1037 451 1089 est
473 1026 624 1088 accidens
648 1023 797 1104 respectu
813 1023 1095 1104 componentium,
1114 1039 1180 1086 non
1196 1040 1274 1084 vero
1295 1047 1300 1058 ·

185 1145 334 1209 respectu
349 1126 537 1207 compositi,
551 1143 626 1187 cum
643 1127 711 1203 ejus
728 1124 902 1185 essentiam
917 1121 1105 1184 constituat.

223 1228 264 1291 dm
284 1226 519 1307 Argumentum
535 1243 573 1286 ex
589 1223 826 1286 mutationibus
851 1220 1118 1285 substantialibus
1141 1220 1267 1282 duriter

182 1325 316 1406 judicat,
333 1343 370 1385 ac
383 1323 527 1404 pessime
550 1323 684 1386 mulctat
707 1323 824 1385 citatus
839 1337 952 1383 auctor
968 1320 1021 1382 his
1036 1318 1156 1381 verbis.
1175 1342 1190 1378 ‹
1219 1320 1273 1382 Est

112 1434 115 1439 '
185 1447 203 1484 u
226 1441 315 1485 mera
333 1422 446 1504 petitio
461 1422 629 1501 principii,
644 1431 674 1482 et
688 1419 902 1501 aequivocatio
919 1419 1005 1480 inter
1020 1419 1187 1479 materiam
1201 1418 1270 1495 pri-

187 1545 201 1580 «
226 1540 311 1584 mam
328 1520 368 1583 ab
384 1519 539 1584 omnibus
556 1519 764 1600 philosophis
777 1519 965 1589 admissam,
979 1527 1010 1580 et
1023 1517 1190 1579 materiam
1204 1514 1272 1596 pri·

188 1643 203 1679 ‹
227 1638 313 1683 mam
336 1619 566 1683 aristotelicam
590 1621 625 1697 (t)
651 1644 679 1682 e.
704 1618 763 1681 Cui
783 1636 861 1682 sane
883 1616 1107 1680 contradicere
1129 1632 1272 1696 nequeo.

184 1718 288 1783 Nemo
303 1720 392 1782 enim
407 1718 535 1780 dubitat
551 1718 584 1778 in
601 1716 840 1793 mutationibus
854 1715 1042 1795 hujusmodi
1059 1715 1185 1800 aliquid
1201 1731 1270 1787 ma-

185 1835 274 1893 nere,
292 1828 323 1881 et
338 1816 464 1898 aliquid
482 1806 558 1878 novi
575 1814 658 1893 fieri,
676 1815 807 1896 ipsique
823 1813 936 1876 rustici
952 1814 1013 1875 boc
1028 1812 1136 1876 sciunt
1149 1812 1200 1890 (53
1217 1812 1269 1885 32,

185 1917 241 1993 1⁰).
259 1916 320 1978 Sed
339 1914 428 1996 quod
444 1923 564 1989 manet,
581 1923 611 1974 et
627 1913 716 1993 quod
731 1912 765 1974 lit
777 1912 851 1974 novi
866 1929 935 1972 esse
947 1912 1116 1973 materiam
1130 1914 1270 1992 primam

185 2014 390 2094 formamque
414 2003 670 2093 peripateticam,
690 2012 752 2074 boc
768 2009 914 2092 profecto
937 2029 975 2072 ex
997 2019 1188 2090 argumento
1204 2029 1270 2073 non

186 2111 370 2175 deducitur.
397 2111 490 2174 Falso
520 2127 653 2190 quoque
668 2111 879 2191 supponitur,
897 2111 929 2172 id
951 2112 1041 2194 qnod
1058 2112 1093 2174 fit
1109 2112 1185 2175 novi
1201 2130 1272 2175 esse

184 2227 302 2273 novum
325 2210 449 2290 aliquod
476 2209 653 2274 clementum
667 2210 749 2288 quod
770 2211 961 2290 producitur.
989 2211 1028 2276 Ut
1053 2212 1143 2273 enim
1173 2210 1274 2273 modo

185 2308 339 2384 diximus,
364 2308 483 2372 subicit
505 2326 587 2371 nova
609 2309 807 2390 compositio
830 2310 983 2374 elementi
1000 2311 1089 2392 quod
1112 2320 1271 2391 superest,

184 2426 258 2471 cum
275 2409 387 2489 aliquo
403 2409 468 2470 alio
484 2406 617 2469 aliunde
633 2407 770 2472 adscito.

146 2531 149 2535 ’
225 2507 265 2569 5¹³
280 2507 505 2589 Responsione
521 2525 587 2570 uon
600 2517 682 2588 eget,
697 2508 754 2571 sed
767 2509 986 2573 excusatione.
1002 2509 1171 2590 Sapientes
1183 2510 1273 2572 euim

184 2604 245 2668 viri
268 2606 325 2686 qui
349 2608 391 2668 ita
413 2605 627 2680 disserebant,
663 2623 730 2679 non
766 2606 962 2669 tenebantur
994 2627 1031 2669 ea
1063 2609 1158 2683 scire,
1197 2626 1271 2689 quae

185 2715 296 2786 postea
322 2705 521 2784 experientia
556 2703 716 2784 laborque
738 2706 916 2796 mullorum
940 2707 1097 2787 paulatim
1121 2717 1271 2788 posteros

185 2803 329 2865 edocuit.
943 2831 948 2838 ·

224 2900 277 2966 to.
302 2899 394 2972 Quod
411 2900 438 2962 si
455 2901 529 2981 quis
548 2911 776 2980 argumentum
805 2904 1008 2965 auctoritatis
1035 2912 1156 2983 urgeat,
1172 2913 1272 2984 atque

184 3001 379 3063 invidiosam
392 3000 482 3062 illam
494 3001 787 3080 expostulationem
800 3012 948 3083 aggerat:
958 3003 1272 3084 ergonetotsapien·

183 3099 302 3163 tissimi
319 3117 356 3160 ac
371 3098 568 3160 sanctissimi
585 3098 645 3160 viri
663 3098 720 3179 qui
738 3100 823 3161 iuter
847 3100 1060 3165 scholasticos
1086 3101 1270 3177 eminuere,

184 3199 308 3281 quique
325 3200 386 3260 hoc
401 3207 540 3279 systema
554 3198 782 3274 defenderunt,
798 3201 966 3263 erraruuti
1019 3226 1030 3247 ·

225 3299 336 3362 Dicam
354 3299 385 3361 1ο
408 3296 668 3377 expostulatione
697 3296 796 3360 simili
816 3316 824 3361 :
841 3316 962 3377 ergone
990 3316 1105 3362 omncs
1128 3298 1272 3379 physice

183 3397 337 3471 cultores,
356 3396 423 3458 imo
438 3413 553 3458 omnes
568 3396 844 3477 philosophorum
862 3397 995 3473 scholae,
1013 3416 1085 3478 quae
1101 3397 1270 3479 physicam

183 3495 348 3558 atomismi
366 3494 528 3556 theoriam
542 3494 628 3557 ultro
641 3494 817 3575 recipiunt,
835 3496 934 3558 modo
950 3493 1201 3559 errantiNonne
1213 3512 1270 3558 eo·

185 3611 257 3657 rum
287 3610 380 3656 error
395 3593 429 3654 in
447 3593 508 3656 hac
523 3594 657 3655 materia
673 3593 904 3657 incredibilior
918 3603 976 3669 est,
996 3594 1177 3674 presertim
1193 3611 1269 3657 cum

183 3701 308 3753 veteres
326 3690 376 3752 illi
392 3710 409 3751 a
430 3690 546 3771 priori,
565 3691 598 3751 hi
614 3698 723 3753 autem
739 3691 948 3772 experientiae
963 3691 1191 3755 tantummodo
1206 3690 1268 3753 du·

185 3798 272 3853 ctum
285 3797 469 3869 sequentes,
487 3790 525 3850 de
541 3805 651 3851 rerum
667 3798 782 3870 natura
798 3789 1022 3852 decreverint?

125 3927 129 3937 ·
227 3888 339 3953 Dicam
351 3887 384 3949 2⁰
399 3896 434 3950 ut
450 3888 547 3951 modo
563 3887 670 3964 innui,
688 3905 755 3950 non
771 3906 840 3950 esse
860 3889 1058 3964 mirandum,
1072 3888 1099 3951 si
1117 3888 1271 3952 homines

214 4004 301 4059 (unu
1217 4002 1220 4007 ⁴
