2792 4600
278 594 549 693 LlBER
598 590 1116 696 SECUNDUS.

607 790 737 859 CAPUT
759 791 786 855 l.

442 941 476 981 llll
495 939 588 982 nunno
608 938 753 982 CORPOREO
773 939 941 983 dubitatum.

597 1099 762 1146 acriculus
786 1100 809 1146 ι.

534 1213 575 1275 lle
596 1214 706 1276 mundi
726 1215 862 1277 aotiaaa.

195 1349 266 1413 ult.
293 1351 435 1424 «Quem
450 1347 547 1423 alapa
564 1347 659 1426 graeci
687 1346 821 1409 nomine
850 1349 1034 1409 ornamenti
1058 1348 1247 1429 appellave-

153 1460 243 1525 runt,
260 1465 335 1510 eum
364 1456 395 1511 ct
420 1464 481 1509 nos
507 1463 524 1507 a
551 1444 693 1525 perlecto
722 1445 936 1525 absoluteque
962 1449 1121 1526 elegantia
1150 1467 1243 1511 mua·

152 1550 227 1611 dum
239 1550 288 1626 (tl.
307 1569 322 1605 a
340 1545 452 1609 Mundi
469 1562 569 1626 porro
585 1538 721 1607 nomine
746 1560 856 1607 rerum
883 1553 1065 1606 creatarum
1083 1547 1245 1610 universi·
1344 1607 1348 1613 ,

151 1655 252 1708 tatem
278 1642 539 1723 complectimur.
559 1639 720 1713 Quoniam
743 1659 820 1704 vero
848 1658 899 1703 res
924 1636 1039 1704 crentae
1067 1643 1139 1704 aliae
1167 1654 1246 1707 suut

152 1744 302 1826 spiritus,
319 1742 390 1805 alite
406 1757 556 1820 corpora,
575 1738 700 1801 idcirco
716 1737 831 1802 mundi
849 1740 983 1801 nomine
999 1741 1098 1804 modo
1114 1751 1244 1805 utrum·

153 1863 219 1925 que
235 1859 345 1905 rerum
357 1841 521 1913 ordinem,
533 1840 631 1901 modo
645 1856 746 1904 unum
760 1839 988 1901 tantummodo
1000 1839 1241 1920 significamus:

153 1946 242 2005 unde
267 1941 416 2003 muudum
442 1937 676 2001 intellectualem
703 1957 724 1999 a
752 1938 867 1999 muado
895 1955 1037 2017 corporea
1067 1938 1245 2021 distingui-

152 2058 239 2103 mus.
274 2037 432 2103 Platonici
470 2037 631 2099 mundum
664 2037 880 2118 archetypum,
912 2054 968 2098 seu
1003 2037 1241 2119 intelligibilem,

151 2137 363 2221 appellabant
379 2136 494 2199 muudi
511 2137 618 2197 ideam
634 2136 755 2215 quaein
769 2133 999 2196 divinamente
1016 2134 1128 2216 fulget.
1145 2135 1244 2202 Cam·

150 2237 298 2302 munitor
313 2246 421 2300 tamen
436 2234 553 2299 mundi
570 2234 705 2295 nornine
721 2232 881 2295 mundum
898 2232 1115 2313 intelligimus
1126 2250 1244 2315 corpo·

151 2355 265 2414 reum;
283 2354 382 2417 quem
398 2338 495 2398 etiam
514 2333 582 2396 haec
608 2350 669 2395 vox
693 2333 829 2411 mundus
850 2351 888 2395 ex
904 2332 1012 2413 prima
1036 2333 1243 2396 institutione

152 2434 328 2516 significat.
342 2437 386 2500 [le
403 2435 465 2497 hac
481 2431 578 2495 nobis
592 2440 640 2494 est
656 2447 778 2493 sermn.

195 2535 267 2600 242.
292 2534 436 2597 Describi
452 2532 536 2594 solet
551 2531 694 2593 mundus
718 2545 897 2610 corporeus
913 2545 922 2593 t
939 2548 1094 2611 compages
1115 2550 1154 2592 aa
1168 2532 1243 2595 calo

151 2645 292 2715 terraque
312 2639 535 2713 coagmentata,
552 2629 649 2709 iisque
667 2629 802 2704 aatttrt't,
818 2645 884 2706 qua
908 2628 956 2688 lu't
977 2629 1173 2690 contineatur
1187 2634 1238 2708 (el.

149 2732 219 2795 Nec
244 2731 343 2804 dicus,
369 2746 537 2810 perperam
564 2727 772 2789 sensibilium
798 2741 910 2788 rerum
937 2727 1181 2789 universitatem
1204 2729 1239 2791 in

151 2832 272 2894 coelum
287 2839 474 2908 terramque
490 2826 660 2903 distribui,
677 2843 753 2888 cum
770 2836 855 2887 terra
870 2836 1056 2905 comparata
1071 2830 1112 2887 ed
1141 2829 1239 2891 coele·

150 2931 215 2992 stie
229 2944 369 3009 corpore
384 2927 425 2987 sit
440 2924 539 2987 veluti
555 2935 711 3004 puuctum
721 2940 795 2985 cum
808 2923 936 3003 spbaera
945 2925 1113 2987 collatum.
1126 2927 1240 2989 llemi·

150 3032 241 3091 nisse
258 3028 346 3089 enim
363 3025 473 3097 debes,
488 3024 745 3103 descriptionem
762 3023 853 3084 illem
875 3023 1066 3085 bominibus
1082 3030 1237 3106 proponi,

150 3130 210 3209 qui
241 3137 360 3189 terrem
390 3123 549 3196 incolunt,
577 3124 702 3204 quique
725 3121 874 3203 proinde·
891 3129 1050 3201 quantum
1079 3142 1179 3205 supra
1203 3146 1241 3190 se

149 3227 272 3290 coelum
286 3232 397 3305 petere
411 3223 534 3297 vident,
551 3231 677 3284 tantum
694 3223 757 3284 sub
772 3239 806 3284 sa
829 3231 947 3283 terram
963 3224 1092 3284 extendi
1108 3229 1239 3307 prospi-

149 3326 266 3388 ciunt:
282 3341 349 3387 uon
366 3322 546 3401 incongrue
561 3323 663 3401 igitur
677 3322 718 3384 ed
745 3338 782 3382 ea
797 3337 870 3400 quae
886 3337 985 3401 supra
1006 3334 1082 3385 sunt
1108 3336 1139 3385 et
1165 3344 1240 3405 quae

148 3423 275 3499 subter,
291 3432 357 3485 tota
373 3438 483 3483 rerum
498 3437 670 3501 compages
685 3430 865 3483 revocatur.

193 3520 266 3584 uta.
289 3518 430 3584 Mundus
446 3535 544 3598 porro
567 3518 714 3581 absolute
738 3516 963 3580 consideratus
988 3531 1036 3581 est
1062 3520 1242 3586 multitudo

148 3620 395 3684 luminosorum
411 3633 587 3698 corporum
613 3626 710 3697 etque
731 3633 909 3696 opacorum
926 3617 1012 3678 intra
1028 3618 1241 3698 impondera-

149 3718 230 3781 bilis
254 3715 398 3779 mcterioe
423 3731 583 3779 oceanum
600 3713 795 3778 natantium.
812 3713 988 3776 Luminosa
1010 3731 1148 3795 corpora
1163 3713 1243 3781 sunt

149 3819 201 3882 sol
220 3836 258 3881 ac
270 3815 373 3878 stellae
391 3813 479 3888 fixre3
497 3831 598 3895 opaca
621 3814 758 3895 planetae
780 3821 812 3875 et
832 3824 979 3878 comete.
996 3812 1113 3878 Omnia
1138 3832 1243 3895 opaca

182 3950 213 4005 ll)
229 3947 319 3994 ductor
328 3942 401 4001 libuit
414 3943 448 3989 lle
457 3942 556 3990 Mundo.

182 4025 212 4080 tl)
229 4023 321 4072 Plinius
333 4020 397 4067 ilict.
408 4027 456 4067 nat.
469 4018 502 4075 11,
511 4022 534 4066 l.
