2792 4600
464 372 550 416 arnan
569 371 696 444 'vuinus
721 370 812 416 ctvur
834 373 855 417 1.
1037 337 1044 355 '
1146 357 1207 421 207

159 484 212 548 25:
241 486 307 549 Alii
321 503 397 549 vero
410 484 711 549 transcendentules
724 487 780 567 qni
794 487 993 568 pantheismi
1006 497 1144 570 systema
1159 509 1207 554 se·

119 594 258 661 dantur,
270 587 359 665 Juxta
371 585 509 665 capitale
529 585 611 648 illud
628 586 854 666 pantheisticae
869 587 1205 669 sectaeprincipinm:

118 701 238 764 eaquae
251 684 284 744 iu
300 684 515 764 conceptibus
533 682 653 746 nostris
668 692 746 746 sunt
760 683 825 746 sihi
841 685 982 748 invicem
994 687 1157 767 opposita,
1172 688 1207 750 in

118 781 214 843 rebus
231 782 311 861 ipsis
341 781 444 857 unita,
476 783 544 843 imo
573 798 676 844 unum
692 779 849 862 idemque
857 801 943 859 esse,
957 784 998 845 dc
1015 784 1067 845 bis
1081 784 1206 848 viribus

117 879 164 950 sic
175 888 331 943 statuunt.
345 880 445 942 Aiunt
456 880 621 955 videlicet,
634 897 703 943 non
715 898 785 943 csse
796 899 871 943 cum
884 882 1002 946 llantio
1014 882 1205 960 dicendum,

72 993 78 1000 ’
117 978 232 1042 ad'boc
244 989 278 1041 ut
289 998 401 1042 verum
413 989 582 1043 extensum
597 980 765 1053 habeatur,
781 989 897 1062 praeter
909 981 975 1043 vim
993 982 1204 1062 repulsivam,

116 1078 180 1141 vim
194 1096 327 1159 quoque
348 1078 548 1141 attractivam
558 1075 779 1141 ‘necessariam
795 1097 867 1141 esse
883 1098 892 1158 ;
916 1079 973 1142 sed
991 1098 1124 1161 prorsus
1139 1080 1206 1143 vim

114 1177 312 1257 repulsivam
344 1177 420 1258 sine
441 1181 609 1242 attractiva
637 1179 775 1243 existere
801 1197 868 1242 nou
895 1198 1003 1260 posse.
1030 1180 1086 1241 Vis
1115 1180 1205 1241 enim

115 1276 277 1356 repulsiva
291 1293 349 1355 per
361 1293 394 1337 se
406 1278 474 1338 sola
490 1276 577 1338 nibil
590 1276 681 1339 aliud
696 1277 801 1358 gignit
815 1277 878 1339 nisi
891 1279 1034 1357 spatium
1047 1294 1203 1353 vacuum;

111 1375 234 1454 etquia
252 1375 284 1435 in
302 1374 365 1437 hoc
390 1375 476 1437 nibil
505 1374 654 1456 estquod
671 1363 743 1455 ipsa
771 1377 930 1456 repellere
947 1377 1060 1458 possit,
1085 1378 1155 1458 ipsa
1169 1395 1204 1439 se

115 1473 355 1553 impossibilem
372 1469 490 1537 reddit.
508 1474 660 1537 Vicissim
673 1476 839 1537 attractiva
851 1475 900 1537 vis
917 1494 1020 1557 perse
1035 1476 1121 1538 nibil
1138 1476 1205 1538 effi·

79 1587 83 1594 ·
106 1571 158 1634 cit
173 1572 237 1633 nisi
255 1583 434 1651 punctum:
463 1572 552 1652 quod
579 1573 605 1633 si
625 1582 784 1653 punctum
807 1574 1036 1637 tantummodo
1054 1575 1203 1652 babetur,

114 1671 183 1751 ipsa
204 1671 350 1735 attractio
373 1671 590 1751 impossibilis
612 1682 671 1734 est.
694 1671 808 1753 ltaque
820 1672 907 1735 binae
926 1672 995 1735 istae
1009 1673 1094 1736 vires
1105 1693 1140 1735 se
1152 1674 1204 1736 in·

111 1770 215 1832 vicem
225 1755 443 1833 essentialiter
456 1772 640 1851 postulant;
654 1771 757 1834 etboc
767 1771 842 1851 ipso
855 1772 944 1852 quod
959 1771 1024 1834 sibi
1041 1772 1202 1854 oppositae

3 1923 8 1951 2
78 1877 198 1940 -sunt,
215 1884 252 1931 ao
267 1888 301 1931 sc
313 1879 515 1949 oppugnant,
533 1888 568 1931 sc
584 1869 725 1931 invicem
740 1869 955 1934 constituunt.

153 1969 228 2031 llaec
242 1986 318 2031 vero
344 1969 574 2048 oppositorum
601 1969 755 2031 identitas
772 1969 806 2031 in
823 1969 922 2031 rebus
936 1968 1093 2033 omnibus
1108 1986 1202 2050 repe·

60 2095 62 2099 ⁴
110 2066 207 2130 titur.
811 2085 820 2102 ⁸

541 2234 706 2282 auritulus
727 2236 768 2280 lv.

478 2348 831 2431 *Spstemcotomt'cum

11 2560 18 2569 ⁵
149 2484 202 2548 nt.
219 2484 363 2565 Systema
375 2482 554 2545 atomicum
569 2482 656 2562 apud
672 2481 921 2562 antiquissimos
932 2498 1025 2562 aeque
1036 2498 1074 2544 ac
1090 2500 1201 2544 recen·

10 2648 16 2667 ,
106 2583 254 2648 tissimus
275 2599 385 2644 rerum
409 2581 607 2644 naturalium
631 2572 876 2660 investigatores
899 2579 1039 2642 maxime
1060 2581 1204 2642 celebra·

108 2692 190 2758 tum,
215 2683 384 2745 hodiernae
407 2681 549 2761 physicae
572 2679 819 2743 fundamentum
841 2688 890 2742 est
918 2696 956 2756 ac
984 2678 1199 2760 principium.

12 2854 18 2865 ·
107 2781 208 2860 Cujus
223 2798 362 2855 summa,
379 2779 468 2859 quod
486 2779 526 2840 ad
547 2781 593 2841 rei
610 2778 825 2841 substantiam
841 2777 967 2851 attinet,
986 2778 1020 2838 in
1037 2795 1076 2840 eo
1092 2777 1200 2839 conti·

12 2868 17 2881 '
106 2890 205 2942 netur
219 2897 226 2944 :
240 2896 380 2959 corpora
392 2873 574 2939 coalescere
587 2876 765 2957 primitivis
780 2875 980 2955 quibusdam
992 2876 1199 2954 corpusculis

9 3002 13 3005 “
105 2980 262 3054 extensis,
295 2977 555 3050 insensibilibus,
584 2976 670 3038 inter
699 2994 734 3038 se
753 2975 902 3049 diversis,
926 2992 963 3036 ac
985 2984 1100 3037 mutuo
1120 2992 1199 3037 con·

4 3114 5 3117 =
103 3077 241 3158 junctis,
258 3094 331 3156 quae
346 3075 386 3138 ab
401 3092 515 3138 eornm
539 3073 803 3135 indivisibilitate
821 3073 918 3133 otcntt'
932 3071 1094 3151 appellata
1110 3081 1197 3134 sunt.
1280 3085 1285 3091 ’

50 3217 56 3228 ·
104 3177 293 3256 Corporum
320 3184 427 3236 autem
454 3163 673 3235 diversitatem
703 3189 837 3235 omnem
857 3189 894 3233 ex
917 3170 1005 3234 varia
1030 3170 1197 3233 variorum
1231 3242 1234 3246 .

3 3306 4 3311 κ
103 3272 379 3354 corpusculorum
395 3271 641 3334 consociatione
654 3270 804 3335 conflari.
819 3269 913 3343 Quod
930 3287 1006 3332 vcro
1020 3277 1142 3347 spectat
1157 3269 1197 3332 ad

103 3372 226 3435 horum
239 3370 513 3451 corpusculorum
531 3380 680 3432 naturam
696 3388 733 3433 ae
748 3370 974 3450 proprietates,
998 3368 1095 3430 variae
1110 3369 1197 3449 apud

102 3480 230 3534 veteres
241 3470 410 3533 sentcntiae
426 3469 528 3532 luere.
917 3493 920 3498 ·
994 3552 997 3558 Ι

3 3644 5 3653 Ι
48 3636 50 3639 ,
143 3566 198 3634 95.
222 3555 428 3650 Anaxagoras
454 3569 566 3632 docuit
589 3569 657 3632 lvaec
679 3586 790 3630 rerum
814 3566 908 3629 initia
926 3581 996 3630 esse
1022 3567 1197 3647 particulas

3 3678 13 3687 ²
101 3669 264 3744 infinitas,
279 3669 419 3730 essentia
442 3669 511 3748 ipsa
528 3668 706 3729 dissimiles
723 3667 808 3730 etad
839 3666 985 3746 singulas
997 3683 1107 3726 rerum
1124 3684 1197 3746 spc-

3 3760 9 3777 ’
99 3767 171 3831 cies
197 3763 410 3847 pertinentes,
434 3782 463 3828 v.
487 3785 535 3846 gr.
561 3766 706 3828 infinitas
728 3776 854 3828 atomos
868 3782 994 3856 aureas,
1012 3763 1194 3843 plumbeas,

3 3922 5 3933 ,
54 3900 57 3905 <
98 3867 241 3948 ligneas,
266 3883 385 3938 osseas,
410 3883 554 3938 carneas,
578 3865 785 3945 sanguineas,
803 3877 892 3940 etc.;
915 3880 989 3944 qun
1012 3862 1055 3923 ita
1077 3880 1196 3925 conso·

97 3963 244 4037 cientur,
268 3970 304 4025 ut
327 3965 472 4025 inomni
495 3982 632 4043 corpore
655 3963 774 4043 aliquas
789 3981 827 4023 ex
850 3962 940 4023 omni
962 3977 1071 4022 rerum
1088 3962 1197 4039 specie

3 4063 15 4077 '
98 4062 273 4143 particulae
286 4060 386 4123 insint
400 4081 408 4137 3
427 4079 630 4142 corpusvero
644 4061 678 4122 in
692 4060 778 4123 certa
794 4059 1129 4140 specicconstituatnr
1137 4077 1195 4139 per
