2792 4600
462 414 703 474 trasumenus,
727 415 818 462 carus
840 418 861 462 1.
1160 403 1223 468 365

133 541 285 610 respectu
309 548 426 593 eorum
448 529 610 605 omniurn,
634 546 707 609 quae
730 530 765 591 in
788 531 860 610 ipso
882 541 960 595 sunt
981 534 1050 596 suis
1077 537 1223 619 propriis

133 628 226 691 locis.
377 629 379 633 ’

173 725 267 790 ἯἹ.
285 727 444 791 Caeterum
456 725 652 789 aristotelica
663 725 814 789 delinitio
826 746 900 791 cum
920 748 968 806 ea,
986 735 1225 814 quaesnperius

132 823 229 886 allata
240 833 299 899 ast,
314 842 381 889 non
394 823 570 888 difficulter
581 824 824 902 conciliabitur,
839 828 866 889 si
880 829 1099 907 attendamus,
1113 832 1224 896 locum

132 924 311 1004 dupliciter
326 923 468 1004 intelligi
485 940 588 1005 posse.
606 924 750 987 Dicimus
766 925 868 1003 enim,
887 936 922 990 nt
935 930 1034 993 modo
1047 931 1156 1008 innui,
1171 951 1225 996 res

132 1023 300 1086 contineri
328 1024 413 1100 loco,
430 1033 461 1085 et
477 1022 619 1085 dicimus
635 1042 673 1084 ex
687 1043 782 1105 aequo
803 1044 853 1088 res
868 1045 1031 1107 occupare
1047 1038 1143 1110 atque
1162 1034 1226 1095 im·

135 1123 225 1202 plere
239 1122 362 1186 locum.
375 1122 446 1185 lam
465 1123 580 1203 primae
596 1123 755 1187 locutioni
773 1128 952 1207 respondet
966 1128 1058 1191 locus
1074 1129 1225 1195 aristote·

134 1224 245 1287 licus:
272 1232 348 1285 sunt
370 1224 459 1285 enim
482 1223 670 1315 superficies
693 1224 913 1288 ambientium
935 1246 1126 1308 corporum,
1152 1249 1228 1311 quae

134 1339 204 1385 rent
221 1323 361 1385 locatam
376 1322 546 1385 continent
563 1341 571 1387 :
588 1322 681 1384 alteri
697 1342 774 1386 vero
792 1325 964 1405 respondit
979 1330 1070 1391 notio
1086 1329 1143 1391 illa
1160 1329 1227 1393 loci

134 1442 153 1483 e
168 1421 265 1502 spatii
291 1420 461 1501 possibilis
484 1435 644 1502 conceptu
660 1421 804 1485 derivata
819 1442 827 1501 ;
845 1442 920 1487 nam
946 1444 1067 1507 corpus
1083 1428 1229 1492 locatum

136 1538 204 1584 non
216 1530 353 1599 occupat
365 1518 472 1601 neque
485 1519 600 1599 implet
611 1521 802 1601 superficies
812 1540 987 1602 corporum
997 1519 1227 1602 ambientium,

135 1616 192 1681 sed
210 1617 349 1699 spatium
366 1618 455 1699 quod
472 1618 512 1679 iis
538 1619 786 1699 constringitur.
809 1621 939 1685 Primus
956 1632 1003 1684 est
1020 1623 1112 1687 locus
1129 1642 1229 1705 quern

136 1725 253 1781 vocant
268 1707 490 1789 extrinsecum:
505 1718 586 1780 alter
604 1719 790 1796 intrinsecus
807 1720 927 1784 merito
944 1722 1050 1784 vocari
1067 1732 1185 1803 potest,

178 1815 195 1845 *
209 1814 281 1880 548.
307 1816 504 1881 Constitutio
519 1835 577 1879 seu
590 1819 716 1880 mansio
729 1818 879 1898 corporis
892 1817 926 1879 iu
940 1819 1024 1894 loco,
1037 1830 1134 1901 atque
1147 1824 1230 1887 adeo

104 1919 108 1926 ’
139 1914 174 1975 id
187 1933 253 1995 quo
267 1932 387 1996 corpus
401 1916 435 1977 in
448 1915 521 1979 loco
532 1914 755 1989 constituitur,
770 1924 800 1977 et
810 1915 896 1977 intra
910 1916 1229 1997 ipsumcontinetur,

138 2014 273 2077 nitentia
288 2032 306 2075 a
321 2015 485 2086 veteribus
501 2014 739 2095 appellabatur,
756 2024 788 2077 et
803 2033 820 2075 a
842 2014 1041 2095 quibusdam
1057 2018 1155 2081 etiarn
1172 2019 1233 2082 loci

142 2113 302 2174 intrinseci
324 2114 460 2176 nomine
475 2112 718 2193 designabatur.
743 2113 864 2193 Opinio
886 2112 949 2176 luit
965 2115 1050 2195 apud
1068 2118 1233 2181 tardiores

140 2212 322 2276 nonnullos
337 2213 563 2288 scholasticos,
582 2211 803 2276 ubicationem
821 2230 890 2276 csse
908 2213 1044 2296 modum
1060 2234 1095 2278 re
1111 2215 1231 2281 distin-

141 2321 231 2374 ctum
246 2333 264 2377 a
280 2313 386 2377 locato
402 2322 434 2376 et
454 2332 472 2376 a
488 2314 573 2390 loco,
594 2331 632 2376 ac
648 2312 759 2376 nescio
775 2312 856 2393 quid
873 2313 960 2376 reale
976 2315 1058 2395 ipsis
1073 2319 1232 2397 superad-

143 2410 263 2487 ditum,
277 2411 556 2492 quemadmodum
572 2410 651 2473 alibi
669 2410 709 2473 de
725 2412 849 2473 unione
863 2410 1008 2474 diximus
1022 2412 1069 2489 (O.
1087 2414 1232 2494 cittene

144 2511 204 2571 bac
219 2511 378 2591 opinione
393 2529 480 2573 mox.

184 2608 257 2673 549.
282 2609 462 2689 Dupliciter
484 2617 590 2670 autam
614 2606 795 2669 substantia
816 2607 907 2669 linita
923 2608 958 2670 in
978 2609 1051 2673 loco
1068 2612 1231 2677 contineri

133 2710 260 2788 potest,
277 2708 430 2771 uidelicet
444 2707 705 2787 circumscriptior
721 2714 751 2769 et
765 2707 928 2788 definitive.

182 2807 484 2891 *Circumscriptiva
502 2823 606 2887 quum
624 2805 803 2884 substantia
820 2813 886 2868 tota
901 2813 948 2868 est
965 2805 999 2866 in
1015 2815 1084 2869 toto
1099 2810 1183 2886 loco,
1201 2820 1234 2873 et

145 2904 263 2969 nullibi
281 2916 367 2969 extra
380 2906 501 2986 ipsum,
515 2904 571 2967 sed
589 2904 631 2966 ita
649 2915 683 2965 ut
695 2904 832 2966 diversis
849 2904 911 2966 loci
925 2904 1084 2984 partibus,
1096 2906 1233 2973 diversae

144 3015 252 3085 partes
276 3000 421 3084 ejusdcm
444 3003 678 3084 respondeant.
704 3001 772 3065 Hoc
795 3012 889 3082 pacto
912 3020 996 3083 aqua
1018 3022 1047 3067 v.
1068 3022 1116 3083 gr.
1133 3016 1181 3068 est
1197 3008 1231 3069 in

144 3121 229 3166 vase.

187 3201 369 3277 Definitive,
393 3218 496 3281 quum
511 3199 694 3261 substantia
709 3208 775 3262 tota
795 3208 843 3262 est
859 3200 893 3262 in
911 3208 979 3263 toto
995 3200 1079 3276 loco,
1098 3209 1128 3263 et
1143 3212 1233 3264 extra

145 3303 214 3379 ejus
236 3301 358 3363 limites
382 3300 502 3363 nullibi
519 3317 528 3376 ;
552 3298 608 3361 sed
631 3300 675 3359 ita
695 3309 732 3361 ut
750 3307 817 3362 tota
832 3317 964 3380 quoqne
986 3300 1075 3362 sitin
1093 3302 1235 3382 singulis

148 3399 209 3461 loci
227 3398 388 3480 partibus.
406 3398 453 3460 lta
467 3402 576 3460 anima
594 3399 738 3459 bumana
753 3405 801 3459 est
818 3397 852 3459 in
868 3415 1007 3478 corpore
1023 3398 1112 3479 quod
1129 3399 1233 3463 intor-

149 3494 225 3560 rnat.
272 3510 274 3513 '

189 3594 288 3659 *dtu
314 3596 491 3659 Pnoeosrno
507 3592 532 3657 l.
557 3592 742 3657 constitutio
759 3595 804 3655 rei
821 3595 857 3656 in
876 3595 940 3656 loco
960 3613 1025 3657 non
1045 3604 1087 3657 eet
1103 3592 1237 3659 modulis

148 3694 254 3775 aliquo
267 3694 405 3769 realiter,
420 3694 472 3756 scd
485 3710 570 3754 mua
583 3692 692 3753 relatio
706 3692 891 3754 extrinseca.

190 3793 270 3857 Nam
279 3790 588 3874 praeterquamquod
600 3808 697 3853 nemo
711 3791 798 3853 clare
812 3790 995 3871 intelligere
1006 3801 1063 3854 aut
1074 3791 1238 3872 explicare

152 3901 266 3968 potest,
284 3891 365 3971 quid
388 3893 429 3954 sit
443 3893 517 3953 lraec
532 3889 672 3953 modalis
689 3891 806 3951 entitas
823 3889 870 3951 rel
885 3888 997 3951 locatae
1013 3889 1238 3971 superaddita,

151 4005 252 4068 quum
270 3990 304 4050 in
321 3988 394 4052 loco
418 3991 644 4065 constituitur;
664 3991 729 4051 lroo
744 3998 830 4051 certe
852 3986 971 4050 sufficit
986 3987 1026 4048 ad
1042 4005 1113 4050 eam
1129 3988 1241 4050 exclu-

154 4087 318 4151 dendam:
342 4105 409 4150 non
425 4105 496 4149 esse
516 4086 755 4151 admittendum
777 4086 865 4166 quod
891 4103 1025 4167 prorsus
1050 4085 1168 4148 inutile
1183 4087 1241 4146 sit.
