2792 4600
640 277 739 321 rnnnx.
1081 277 1089 288 ‘
1167 259 1228 323 433

216 391 250 446 ati
265 407 358 446 rernm
373 402 497 447 naturam
514 391 669 448 transferri.
685 391 739 446 Alii
760 391 788 446 iu
812 390 856 447 ltis
869 391 975 447 viribus
989 391 1077 461 ipsam
1091 408 1153 449 cor-

217 480 314 535 porum
328 466 476 521 essentiam
490 466 635 521 collocant.
658 465 826 521 Pantlreistee
836 465 936 523 docent
947 466 1021 521 vires
1034 465 1156 522 attracti-

215 554 264 593 vas
285 548 314 593 et
327 539 481 608 repulsivas
496 555 526 595 se
539 540 657 594 invicem
671 539 851 604 constituere,
873 550 901 594 et
918 556 1006 594 unum
1026 540 1155 612 idemque
1173 554 1230 668 {05

216 627 279 667 esse
282 654 1153 669 ...........

143 685 209 739 aar.
233 686 276 740 tv.
292 691 406 751 Spatana
420 691 561 743 atonican.
578 687 700 757 Corpora
720 688 810 742 omnia
824 687 1030 743 constituuntur
1043 688 1152 742 atomis.

217 759 304 814 Variae
319 770 440 815 veterum
455 762 600 831 opiniones
613 763 686 816 circa
706 771 859 816 atomorum
872 771 1007 816 naturam.
1026 760 1093 829 Quae
1106 762 1153 828 sit,

213 832 290 902 juxta
301 832 568 901 Cartesium,cornm
581 835 761 905 natura-quid
775 834 888 890 materia
900 835 985 904 prima
996 851 1156 904 corporum-

215 908 326 976 quaudo
339 919 473 964 creata-ct
486 910 623 979 qaromodo
645 925 679 963 ex
693 924 724 963 ea
738 905 838 978 triplex
858 907 1056 963 elementorum
1068 924 1155 981 genus

216 980 343 1036 effectum
357 984 403 1038 sit.
420 984 554 1039 Gassemli
567 983 661 1052 opinio
683 982 756 1037 circa
770 997 917 1053 corporum
941 983 1154 1037 elementa-illo·

215 1070 333 1125 rumque
357 1056 592 1112 constitutionem.
614 1055 739 1111 Newtoni
753 1056 888 1111 attractio.
904 1055 1072 1129 Progressus
1095 1066 1155 1111 ato-

215 1129 441 1185 micaetloctrinae
453 1167 1152 1186 .........
1173 1125 1229 1182 aot

140 1199 209 1256 Aar.
220 1202 251 1256 V.
268 1207 303 1255 De
315 1209 444 1258 atomismo
457 1208 574 1258 elimino.
584 1204 696 1258 Materia
712 1202 899 1273 ponderabilis
912 1211 939 1258 el
953 1201 1154 1271 imponderabi·

217 1274 636 1347 lis.Corporasimplicia,mixta
649 1287 677 1331 et
690 1278 851 1347 composita.
862 1276 1002 1332 Molecnlae
1015 1277 1156 1349 integran-

216 1358 258 1405 tes
271 1360 299 1404 et
311 1352 591 1407 constitutivae-atomi
618 1351 775 1421 primitivae.
791 1350 912 1421 Corpora
933 1359 998 1405 snut
1010 1359 1155 1424 aggregata

216 1425 444 1480 substantiarum.
461 1426 612 1495 Corporum
627 1424 774 1480 diversitas
788 1425 877 1479 oritur
890 1440 905 1479 a
920 1424 1079 1479 diversitate
1094 1440 1153 1479 mo-

216 1497 367 1552 lecularum
377 1498 584 1570 integrantinm.
599 1498 913 1554 Attmctionrolecnlarls
928 1498 1077 1552 maleculas
1091 1513 1155 1553 con·

214 1569 315 1644 jungit,
323 1572 620 1628 caloricumdissociat.
628 1572 750 1643 Corpora
758 1570 1154 1642 solida,liquidaucrilormia.

217 1643 356 1716 Crystalll.
375 1645 507 1701 Clrirnicae
520 1646 661 1702 allinitatis
674 1648 803 1702 varietas.
820 1646 876 1701 Lex
889 1644 1018 1700 dualismi
1032 1644 1157 1700 chinrici·

217 1719 425 1788 proportionum
436 1721 724 1776 determinatarum-et
736 1720 935 1791 multiplornm.
948 1719 1087 1774 illationes
1097 1719 1155 1773 clri-

217 1792 351 1847 micorum
364 1793 437 1848 circa
451 1803 605 1849 atomorum
619 1795 805 1861 existentiam,
821 1803 945 1848 naturam
957 1803 985 1847 et
1001 1793 1155 1863 proprieta-

216 1878 269 1920 tes.
286 1867 455 1922 Essentiales
478 1878 633 1923 atomorum
657 1867 840 1938 proprietates
854 1876 918 1922 suat
932 1867 1056 1921 extensio
1067 1877 1095 1921 et
1112 1866 1156 1922 ris
1175 1936 1232 1993 210

217 1939 365 1995 resistendi
369 1981 1156 1996 ..........

543 2030 657 2079 carot
675 2030 710 2080 tt.
728 2030 826 2081 Cntsts.

141 2105 210 2162 Aur.
227 2108 249 2164 Ι.
273 2108 412 2177 Resellitnr
437 2117 545 2175 systema
569 2114 772 2176 peripateticum.
799 2109 881 2166 Pnor.
903 2109 924 2165 Ι.
946 2114 1156 2166 Scholastiaornm

217 2188 362 2237 theoricae
375 2200 505 2249 corporum
516 2188 651 2250 principiis
665 2188 781 2238 meriton
794 2188 977 2239 recentioribus
988 2188 1152 2249 rejiciantur.

219 2257 359 2312 l⁰Formae
368 2259 557 2314 substantialis
571 2258 835 2325 eductio,maximas
850 2258 952 2328 patitur
966 2257 1153 2317 difficultates.

217 2330 246 2385 2⁰
260 2331 376 2386 Tlteoria
400 2333 576 2403 peripatetica
601 2333 686 2388 certis
698 2333 821 2405 physicae
841 2333 977 2407 dogmatis
996 2333 1154 2403 opponitur.

218 2406 247 2460 5⁰
260 2406 341 2460 Facta
353 2421 406 2460 non
422 2406 670 2476 explicat,atomica
679 2415 773 2467 autem
781 2407 886 2461 tlreoria
897 2422 928 2461 ea
939 2405 1054 2461 mirifice
1065 2407 1153 2477 expli-

218 2489 263 2533 cat
275 2489 302 2534 et
315 2479 443 2534 illustrat.
452 2482 480 2534 ll⁰
491 2480 608 2536 Tireoria
623 2480 772 2535 lormarnm
788 2480 1078 2536 substantialinmuon
1093 2496 1155 2551 pro·

218 2553 308 2619 batur,
324 2553 448 2623 nullique
473 2554 570 2608 nititur
593 2555 682 2610 solitlo
706 2553 894 2609 laudamento.
911 2553 1155 2624 Peripateticorum

218 2637 341 2681 veterum
367 2637 527 2700 argumenta
550 2629 753 2699 erpentlnntur.
769 2629 937 2701 Argumenta
949 2643 983 2683 ex
996 2628 1156 2683 auctoritate

218 2700 363 2771 desumpto
376 2701 559 2771 respondetur
627 2742 1154 2757 .......
1175 2697 1234 2753 ata

143 2772 211 2828 sar.
224 2773 259 2828 ll.
274 2778 411 2843 Reselle'tnr
434 2784 543 2840 systema
557 2781 740 2829 elementorum
752 2779 913 2841 simplicium.
930 2774 1011 2829 Paor.
1029 2775 1063 2830 ll.
1080 2776 1157 2829 tetr-

218 2852 334 2902 nitziona
347 2853 586 2903 monaanmtneorio
600 2854 740 2904 arbitraria
753 2858 791 2902 est
801 2857 825 2902 et
836 2852 956 2903 absurda.
974 2850 1000 2903 l⁰
1011 2849 1086 2904 Nihil
1099 2847 1157 2911 lere

218 2924 247 2977 in
259 2938 291 2978 ea
313 2922 503 2992 probatur-2⁰
516 2924 668 2978 absurdum
680 2931 723 2978 est
737 2921 868 2977 monades
882 2921 1017 2992 cujusque
1030 2923 1155 2992 corporis

219 3012 282 3053 esse
295 3012 410 3050 numero
425 2995 594 3052 infinitas-ac
607 3013 669 3052 sese
682 2996 852 3069 contingere.
869 2996 949 3050 Paor.
972 2996 1018 3049 lll.
1044 3001 1158 3061 Spatana

218 3086 313 3139 anonae
336 3075 514 3123 elenrentorant
536 3075 687 3135 simpliciam
712 3087 728 3122 a
750 3073 911 3124 Boscooialu'o
937 3072 1087 3123 adornatum
1112 3086 1158 3123 nec

218 3147 326 3211 praeuia·
338 3147 521 3197 assertionibus
533 3151 613 3209 earet,
625 3161 671 3196 nea
684 3147 862 3197 inconveniens
874 3158 946 3196 omne
959 3146 1064 3196 devitat.
1080 3143 1158 3197 tirbi-

220 3217 303 3273 traria
314 3227 356 3271 est
366 3217 491 3271 attractio
499 3227 526 3273 ct
540 3217 759 3288 repulsioprouti
773 3217 802 3271 in
817 3216 1012 3271 lriselemeutis
1024 3216 1157 3286 supponi-

219 3289 392 3361 tur-ponitur
404 3290 475 3345 actio
488 3292 516 3345 in
533 3292 651 3357 tlistaus,
666 3302 713 3346 aut
734 3290 769 3345 ad
794 3288 1051 3346 occasionalismum
1074 3289 1160 3345 lelle-

222 3364 480 3422 ctitur-tlelemlitnr
493 3364 545 3421 hoc
555 3374 674 3437 systema
687 3365 723 3421 al)
745 3364 799 3419 alia
823 3363 940 3435 quadam
966 3362 1157 3433 imputatione.

219 3440 279 3496 Non
293 3447 336 3494 est
349 3437 536 3500 necessarium
545 3440 640 3494 ultima
653 3453 800 3509 corporum
815 3436 1036 3507 elementaque
1049 3435 1159 3508 simpli-

220 3514 262 3569 cia
275 3529 337 3569 esse
349 3512 461 3576 debent,
477 3528 539 3567 esse
552 3528 661 3583 qnoque
676 3512 819 3567 inexteusa
891 3551 897 3564 .
977 3551 984 3565 .
1064 3554 1071 3564 .
1150 3506 1238 3566 ‚225

145 3588 266 3644 Aemili
297 3585 465 3655 Resellantnr
472 3590 612 3651 canonici.
629 3587 710 3641 Pnor.
727 3586 769 3640 tv.
785 3588 962 3650 nasamonas
976 3588 1159 3638 transcendere·

220 3666 310 3716 taliam
332 3665 410 3725 plura
435 3664 558 3726 conperit⁴
572 3664 658 3725 inepta
671 3667 747 3726 atquae
760 3662 885 3723 ansarum
899 3662 960 3724 qaid
973 3666 1057 3712 tamen
1070 3674 1159 3724 carpas

220 3740 256 3791 sit
272 3739 422 3788 nallatenus
438 3738 559 3799 explicat.
575 3734 725 3804 Perperam
740 3731 905 3803 supponitur
918 3746 933 3786 a
947 3731 1017 3787 liant
1031 3747 1159 3787 necessa·

220 3810 263 3865 rio
276 3808 384 3878 concipi
398 3806 427 3862 iu
440 3822 555 3877 corpore
568 3807 624 3862 vim
638 3807 817 3877 repulsivam,
830 3820 913 3877 quam
940 3805 1084 3861 coallrndit
1096 3820 1160 3863 cum

221 3883 249 3939 vi
263 3880 422 3938 resistendi.
439 3880 606 3937 Continuam
621 3880 718 3952 nequit
740 3878 872 3936 constitui
895 3879 920 3933 vi
935 3879 1074 3950 repulsiva
1088 3879 1161 3936 inter

221 3958 282 4030 ejus
295 3965 387 4029 partes
407 3964 525 4012 exserta.
541 3956 667 4030 Systcma
680 3954 772 4011 Kantii
791 3968 893 4026 corpus
915 3953 1006 4024 potins
1018 3954 1159 4024 supponit,
