2792 4600
181 165 227 197 ..ο
359 170 387 189 0,
477 165 505 183 ο,

180 196 260 231 *0⁰0⁸
333 198 376 220 ⁸⁸
417 190 489 213 Η.
530 188 539 204 ⁶

122 360 361 446 5'33tl‘2'3'*
398 364 505 397 ”””
542 363 585 381 ”
658 400 827 453 antoanam.

194 532 264 596 istae
284 531 435 592 notiones
464 530 678 608 reducuntur,
707 531 831 594 idcirco
858 532 928 595 haec
950 532 1085 594 scientia
1113 534 1284 616 ontologia,

194 631 350 695 nimirum
363 629 441 691 entis
455 631 582 693 seientia
597 642 785 711 nuncupata
800 641 859 694 est.
1324 642 1326 645 ’

235 727 267 790 6.
291 726 382 789 Circa
398 746 565 804 supremas
584 736 678 791 hasce
695 729 847 790 notiones
863 728 928 789 duo
945 733 1074 808 praestat
1088 727 1255 806 ontologia
1273 745 1281 791 :

195 829 228 892 κ’
240 845 294 889 eas
306 827 473 908 expendit,
488 828 640 902 illustrat,
656 845 835 908 earumque
847 826 1042 906 obiectivum
1055 827 1211 901 valorem,
1224 825 1283 889 ubi

191 945 275 1006 opus
296 926 404 998 luerit,
429 936 539 988 tuetur
554 938 589 1001 et¹
601 927 762 1005 explicat:
786 927 818 988 2⁰
835 924 997 1006 principia
1021 925 1138 1005 prima,
1155 943 1227 1005 quae
1241 942 1280 986 ex

194 1026 236 1088 iis
252 1025 470 1097 efflorescunt,
490 1026 671 1097 constituit,
694 1025 839 1087 declarat
855 1033 951 1104 atque
977 1022 1159 1085 confirmat.
1176 1025 1283 1103 Atque

193 1123 273 1185 hinc
299 1124 507 1184 manilestnm
531 1135 588 1197 est,
609 1135 729 1203 quanta
755 1124 797 1185 sit
827 1125 896 1201 ejus
923 1121 1076 1201 dignitas,
1101 1121 1224 1182 utilitas
1251 1130 1283 1182 et

192 1223 379 1292 nenessitas.
401 1222 551 1285 Profecto
565 1241 797 1304 quamcunque
818 1223 988 1283 scientiam
1005 1221 1078 1301 quis
1094 1220 1230 1287 excolat.
1245 1220 1281 1280 in

192 1339 228 1383 ea
248 1340 332 1400 saepe
352 1322 500 1393 haerebit,
525 1342 610 1402 sape
631 1325 741 1383 minus
756 1330 906 1382 accurate
928 1321 1081 1401 loquetur
1096 1329 1128 1381 et
1145 1317 1281 1382 confuse

192 1419 383 1500 disputabit,
402 1421 458 1499 qni
483 1420 668 1500 disciplinae
690 1419 788 1499 buius
813 1418 945 1497 ignarus
960 1428 1024 1493 est;
1041 1435 1149 1499 neque
1162 1417 1188 1478 is
1207 1421 1287 1479 vere

190 1519 327 1598 sapiens.
339 1534 483 1597 unquam
500 1537 569 1580 esse
587 1529 642 1581 aut
654 1518 721 1580 diei
743 1519 875 1599 poterit.
896 1518 979 1580 Hinc
991 1516 1180 1579 Aristotcles
1197 1515 1285 1577 banc

190 1617 362 1681 scientiam
380 1635 478 1679 unam
496 1617 663 1696 sapientiae
680 1617 813 1680 nomine
828 1616 1009 1697 insignivit.

232 1717 263 1778 Ἰ.
287 1715 397 1777 Fallax
419 1714 473 1775 illa
489 1732 526 1776 ac
554 1715 631 1775 levis
649 1715 886 1794 empiricorum
909 1715 1009 1794 elapsi
1027 1714 1138 1777 saeculi
1155 1713 1279 1788 schola,

190 1833 266 1877 cum
288 1813 436 1875 sensistis
458 1813 614 1875 omnibus
643 1825 675 1875 et
701 1812 936 1888 materialistis,
955 1831 1087 1876 omnem
1114 1814 1154 1876 de
1181 1814 1282 1877 rebus

190 1900 361 1975 abstractis
387 1912 615 1991 quaestionem,
638 1912 705 1974 imo
726 1924 758 1974 et
780 1912 1074 1976 considerationem
1094 1930 1111 1974 a
1130 1913 1279 1993 philoso-

190 2012 270 2093 phia
290 1998 492 2085 eliminatam
513 2010 616 2071 voluit
635 2021 669 2072 ut
682 2028 817 2090 prorsus
833 2010 997 2086 inutilem,
1018 2020 1049 2073 et
1062 2012 1139 2089 sueti
1152 2011 1277 2074 solum·

189 2109 290 2173 modo
310 2107 554 2188 cognitionibus
575 2108 751 2182 inhaerens,
769 2126 823 2169 eas
844 2108 941 2170 unice
962 2109 1152 2189 philosophi
1170 2109 1282 2172 studio

114 2280 116 2285 X
190 2209 305 2287 dignas
317 2217 414 2287 atque
425 2208 521 2267 utiles
533 2225 603 2266 esse
616 2206 765 2268 docebat.
783 2206 817 2268 ld
831 2224 908 2268 sane
920 2215 988 2268 erat
1000 2207 1103 2288 ipsam
1117 2209 1280 2288 perimere

191 2307 449 2389 philosophiam.
469 2306 641 2376 Quomodo
661 2306 861 2381 antiniana,
878 2308 1086 2387 aprincipiis
1107 2308 1281 2371 abstractis

189 2407 328 2479 divulsa,
346 2405 516 2467 scientiam
530 2404 741 2476 constituant,
759 2423 833 2467 cum
857 2423 964 2486 neque
984 2406 1204 2469 observarent
1219 2424 1280 2488 par

189 2515 237 2566 est
260 2503 366 2581 iacta,
396 2521 503 2582 neque
530 2503 686 2579 sagaciter
712 2503 947 2582 experientiam
973 2503 1142 2578 adhihere,
1170 2523 1280 2586 neque

188 2620 301 2664 causas
330 2602 534 2680 investigare,
560 2619 666 2681 neque
696 2601 735 2660 ad
764 2601 930 2679 generales
952 2612 1076 2663 naturae
1106 2603 1192 2681 leges
1219 2621 1278 2685 per

188 2701 414 2761 inductionem
448 2700 624 2759 ascendere
654 2697 726 2759 sine
755 2699 866 2778 aliquo
897 2699 1062 2779 principio
1092 2703 1279 2780 possimus?

186 2797 292 2878 Atque
308 2807 342 2859 ut
363 2798 431 2858 haec
451 2803 547 2858 missa
568 2797 695 2868 laciam,
709 2814 793 2858 anne
816 2808 932 2877 praeter
949 2816 997 2871 ea,
1012 2818 1085 2878 quae
1104 2800 1165 2861 suh
1178 2820 1274 2880 expe·

187 2898 340 2966 atentiam
361 2899 493 2967 eadunt,
517 2897 601 2958 nihil
625 2904 779 2977 praeterea
806 2896 895 2957 aliud
917 2896 1088 2959 sciendum
1110 2904 1178 2963 esti
1200 2902 1275 2963 llaec

186 2997 312 3058 scilicet
329 2997 367 3057 iis
386 2996 491 3056 solum
508 2997 624 3057 cadere
642 2996 674 3054 in
693 3004 835 3055 mentem
852 3004 998 3076 possunt,
1013 2996 1069 3076 qui
1091 2997 1274 3077 intelligen-

185 3094 264 3156 tiam
285 3112 359 3155 cum
381 3111 477 3155 seusu
500 3104 530 3153 et
550 3092 721 3153 scientiam
743 3109 818 3156 eum
840 3093 1039 3172 experientia
1057 3094 1271 3173 confundant,

186 3195 310 3274 quique
331 3191 501 3252 sensibilia
531 3193 637 3253 solum
661 3203 759 3270 atque
784 3191 937 3252 animalis
957 3192 1030 3253 vitae
1045 3195 1217 3257 commoda
1238 3195 1273 3257 in
1371 3243 1375 3256 .

185 3293 292 3375 pretio
313 3291 479 3362 habentes,
499 3291 644 3352 hominis
660 3289 864 3370 dignitatem,
884 3291 1027 3353 veritatis
1039 3292 1125 3376 jura,
1142 3295 1273 3373 sapien·

187 3392 240 3480 tiae
263 3390 543 3470 pulchritudinem
567 3389 599 3449 in
619 3389 767 3453 minimis
790 3388 941 3452 habeant.
961 3390 1023 3452 Sed
1038 3391 1104 3472 jam
1127 3393 1178 3455 vix
1196 3396 1273 3458 reli·

186 3489 273 3571 quiae
285 3488 354 3567 ejus
370 3498 464 3549 sectae
479 3497 618 3561 exstant3
638 3489 707 3565 ipsa
719 3491 807 3547 enim
821 3486 933 3550 docuit
949 3489 1159 3568 experientia,
1174 3510 1272 3571 quam

185 3590 297 3654 multae
313 3605 350 3648 ac
370 3604 494 3665 magnae
513 3586 711 3647 calamitates
726 3595 757 3646 et
769 3584 911 3647 tenebras
927 3605 964 3647 ex
981 3605 999 3649 a
1014 3589 1270 3671 philosophandi

185 3687 312 3747 ratione
327 3693 506 3762 emergant.

188 3859 191 3866 g
226 3784 258 3855 8,
282 3781 388 3859 Supra
402 3782 469 3860 jam
486 3782 553 3844 dixi
571 3782 611 3861 (b)
624 3801 683 3844 eur
699 3783 875 3863 ontologiae
890 3802 1011 3847 nomen
1032 3786 1109 3849 hnic
1127 3788 1272 3853 scientiae

185 3880 306 3960 iactum
333 3878 387 3942 sit.
407 3880 532 3942 Placuit
548 3892 654 3941 tamen
675 3881 913 3944 recentioribus
936 3884 1107 3945 nonnullis
1127 3887 1274 3965 pbiloso-

186 3980 263 4062 phis
279 3976 368 4037 illam
382 3980 547 4056 appellare
558 3979 752 4059 ideolopicm.
770 3983 816 4043 Ac
828 3988 933 4058 potest
947 3979 1092 4060 profecto
1104 3984 1149 4046 ita
1160 3985 1272 4065 appel-

185 4076 260 4160 lari.
278 4074 503 4140 Nihilominus
526 4079 738 4141 vetustiorem
765 4079 855 4140 illam
878 4080 1132 4159 appellationem
1163 4084 1271 4164 potius
