2792 4600
197 352 260 415 lib
518 432 533 444 ν
573 433 578 440 .
649 368 822 415 ourocoeu.

240 483 312 547 285.
336 483 448 563 Neque
463 483 552 546 dicas
573 484 692 546 frustra
718 502 785 546 non
812 484 962 547 adbiberi
981 503 1044 562 res,
1062 486 1088 547 si
1116 488 1199 549 lleus
1215 495 1288 548 tau·

198 599 297 662 quam
323 582 495 644 occasione
522 582 589 645 illis
613 589 734 646 utatur.
751 582 831 645 Nam
858 583 891 644 in
915 584 1032 663 primis
1048 583 1146 646 etiam
1161 584 1289 664 absque

195 680 427 742 occasionibus
444 680 513 741 istis
532 688 657 760 poterat
682 680 768 743 Deus
794 698 887 760 agere
914 681 946 742 in
970 681 1065 744 uobis
1081 686 1302 763 quaecuuque

197 778 305 852 vellet,
323 786 354 840 et
369 778 635 858 quandocunque
649 778 758 839 vellet.
775 777 851 849 Quae
865 778 1000 859 quidem
1016 781 1188 860 responsio
1203 779 1290 841 valet

198 877 380 956 praesertim
406 885 519 940 contra
544 875 837 950 llalebranobium‚
859 877 915 957 qui
943 894 1120 957 corporum
1146 878 1290 940 existen·

196 975 277 1036 tiam
293 974 400 1036 valide
421 974 608 1055 impugnari
637 983 734 1054 putat
755 975 919 1054 principio
936 975 994 1037 lllo
1013 993 1020 1039 ε
1039 966 1140 1039 Deum
1158 993 1224 1039 non
1241 975 1290 1037 fa-

195 1093 273 1135 cere
288 1094 346 1154 per
362 1075 468 1154 plura,
485 1073 572 1154 quod
599 1083 705 1152 potest
732 1073 801 1135 lieri
830 1091 888 1153 per
914 1076 1069 1154 pauciora
1085 1077 1130 1152 tt.
1147 1075 1232 1154 490).
1250 1075 1287 1138 Si

198 1175 288 1234 euim
312 1172 474 1236 absonum
500 1180 549 1232 est
572 1171 660 1249 juxta
683 1171 803 1250 ipsum,
823 1174 922 1234 Deum
950 1171 1108 1234 adbibere
1133 1190 1287 1253 corpora,

198 1271 297 1333 etiam
311 1282 465 1351 tauquam
483 1270 707 1333 sensationum
725 1289 849 1345 causas,
868 1281 990 1351 quanto
1006 1272 1109 1352 magis
1124 1272 1289 1334 absonum
1378 1280 1379 1349 f

195 1372 270 1445 erit,
287 1371 389 1432 Deum
405 1368 563 1431 adbibere
579 1386 717 1449 corpora
737 1387 809 1450 quae
826 1370 910 1431 nihil
927 1380 1025 1450 agunt
1041 1381 1071 1433 et
1088 1371 1172 1434 nibil
1190 1389 1288 1452 agere
1378 1396 1379 1425 2

199 1470 355 1550 possunt?
1034 1476 1039 1485 '
1378 1460 1379 1465 ἵ

238 1568 311 1631 284.
336 1571 493 1631 Praeterea
510 1586 570 1629 eur
581 1569 666 1629 Deus
681 1567 763 1630 adeo
775 1568 950 1632 artificiose
962 1588 1083 1649 organa
1096 1580 1204 1634 nostra
1217 1572 1288 1635 ela·
1378 1558 1379 1567 ¹

198 1665 335 1738 boravit‚
352 1667 379 1727 si
396 1683 533 1746 corpora
549 1676 680 1728 externa
704 1667 827 1728 nullam
856 1666 888 1728 in
918 1668 997 1749 ipsis
1012 1669 1175 1733 actionem
1191 1689 1287 1733 exer·
1378 1670 1379 1673 ’

197 1766 291 1826 cent?
317 1764 350 1826 Si
378 1782 480 1844 ponas
501 1764 644 1826 voluisse
671 1765 785 1838 Deum,
804 1775 839 1826 ut
861 1767 945 1827 radii
973 1787 1001 1830 v.
1022 1785 1070 1847 gr.
1087 1779 1177 1832 certo
1198 1754 1286 1850 quo-

198 1862 388 1925 dammodo
409 1864 450 1924 ad
470 1865 608 1925 retinam
636 1865 851 1945 appellerent,
869 1877 1056 1947 certamque
1077 1868 1287 1932 affectionem

198 1961 232 2023 iu
259 1962 329 2041 ipsa
353 1962 541 2037 excitarent,
573 1964 681 2024 statim
710 1964 859 2043 intelligo
888 1982 954 2044 quo
981 1966 1092 2028 tendat
1120 1969 1287 2032 mirabilis

195 2061 283 2124 oculi
301 2062 513 2124 constructio.
530 2061 570 2123 At
585 2063 610 2123 si
629 2063 717 2124 radii>
737 2064 820 2126 nibil
841 2074 951 2144 agunt,
969 2070 1025 2126 sed
1053 2070 1163 2129 omnia
1185 2070 1285 2145 Deus,

197 2159 277 2239 quid
307 2178 390 2239 opus
419 2170 487 2222 erat
516 2170 581 2223 tam
615 2161 726 2223 solerti
763 2162 902 2227 artificio
932 2172 1085 2245 tantaque
1115 2169 1287 2231 machina·
1378 2210 1379 2213 =

196 2257 308 2320 tione?

236 2357 308 2421 285.
332 2354 365 2417 5⁰
380 2356 539 2436 Denique,
557 2369 593 2419 ut
613 2359 678 2420 alia
691 2342 852 2434 omittam,
870 2366 1057 2427 communis
1075 2366 1208 2430 humani
1225 2387 1285 2447 gc·
1378 2383 1379 2386 ’

196 2454 284 2516 neris
308 2456 468 2516 sententia
491 2457 801 2520 occasionalismum
825 2461 1176 2542 profligatrersuasio
1191 2468 1285 2530 enim

190 2557 379 2617 communis
394 2554 435 2617 tle
450 2573 627 2636 corporum
643 2559 816 2633 activitate,
832 2560 1038 2643 litterataque
1053 2553 1208 2628 omnibus
1225 2587 1285 2647 pe·

194 2655 290 2717 rinde
301 2665 349 2716 est
364 2673 401 2716 ac
415 2656 582 2734 persuasio
598 2656 638 2716 de
650 2675 827 2737 corporum
844 2660 1025 2726 existentia.
1039 2666 1104 2730 Neo
1120 2665 1215 2730 facile
1228 2666 1284 2728 in-

193 2754 297 2816 veniri
308 2754 490 2833 poteritqui
502 2754 692 2833 persuaderi
701 2773 735 2835 se
747 2758 843 2832 sinat,
858 2777 923 2821 non
936 2762 976 2822 ab
990 2762 1065 2842 igne
1077 2782 1110 2825 se
1122 2765 1281 2843 calefieri,

194 2872 300 2933 neque
314 2871 332 2914 a
346 2852 542 2932 corporibus
558 2853 777 2918 resistentiam
791 2858 854 2937 ipsi
867 2862 1004 2940 opponi,
1018 2863 1074 2925 sed
1091 2865 1284 2929 immediate

190 2970 211 3013 a
227 2951 298 3014 solo
315 2952 393 3014 Deo.

621 3102 785 3150 eartcutus
801 3105 842 3151 vt.

631 3217 842 3300 Difficultotes.

231 3344 303 3409 286.
328 3345 388 3410 Ob.
407 3346 430 3410 l.
448 3345 565 3409 Omnia
592 3350 624 3410 in
651 3351 807 3413 omnibus
833 3367 988 3434 operatur
1010 3359 1106 3421 Deus.
1123 3359 1208 3437 Ergo
1225 3376 1281 3422 res

188 3455 305 3508 creatae
321 3446 405 3506 nibil
422 3456 533 3525 agunt.
551 3448 648 3535 Prob.
666 3451 732 3513 ant.

232 3546 264 3605 l⁰
287 3547 395 3607 Potest
411 3547 495 3607 Deus
512 3547 624 3608 omnia
645 3567 751 3627 agere.
769 3533 854 3630 Ergo
881 3554 946 3633 agit
971 3556 1095 3629 omnia,
1113 3554 1183 3617 Non
1200 3567 1282 3620 sunt

187 3642 276 3704 enim
292 3660 396 3704 causae
412 3642 672 3724 multiplicandae
687 3646 759 3707 sine
776 3651 978 3714 necessitate.

229 3742 262 3804 2⁰
284 3739 454 3820 Repugnat
469 3742 565 3821 plane
581 3744 680 3805 [teum
696 3745 730 3806 in
742 3748 915 3811 activitatis
926 3768 992 3813 suae
1007 3752 1209 3813 consortium
1222 3772 1279 3816 res

188 3848 310 3901 creatas
325 3839 418 3918 quasi
434 3839 538 3901 socias
555 3840 750 3906 adsciscere.
1060 3883 1085 3934 3

227 3937 261 3999 5⁰
282 3936 403 4018 Opinio
428 3957 501 4019 quae
527 3939 736 4003 efficientiam
764 3944 880 4008 tribuit
901 3926 1008 4009 causis
1038 3948 1203 4022 secundis,
1227 3960 1280 4011 est

186 4034 300 4114 opinio
316 4053 456 4116 pagana3
485 4037 538 4099 his
557 4039 646 4100 enim
674 4058 712 4101 ea
734 4041 860 4118 tribuit,
880 4055 1013 4126 propter
1028 4065 1100 4126 quae
1116 4054 1275 4127 tanquam
