2792 4600
1084 255 1087 262 ,
1098 225 1115 257 Ο

222 297 283 362 338
654 314 845 360 cosuouocu.

263 433 293 509 o)
317 426 410 501 Quia,
428 436 463 490 ut
478 428 634 513 diximus,
651 430 773 492 creatio
793 448 867 493 vere
891 430 984 511 ponit
1007 448 1058 493 res
1084 442 1173 495 extra
1197 433 1318 495 Deum.

223 528 292 592 lloe
306 535 415 589 autem
441 526 507 589 dici
530 545 597 591 nou
613 536 731 609 potest,
748 528 776 591 si
793 529 923 593 nullum
939 528 1065 592 instans
1079 531 1236 612 assignari
1256 550 1321 613 po·

223 634 296 700 test,
314 626 431 707 inquo
448 637 624 707 ponantur,
641 627 689 690 uti
706 628 754 689 vel
782 627 817 690 in
838 628 933 691 allata
949 629 1170 693 similitudine
1186 631 1321 712 perspi·

223 744 302 790 cres.
956 772 963 782 .,

264 826 291 908 b)
315 823 398 897 Quia
412 825 460 888 sic
475 826 645 890 tolleretur
661 826 840 888 discrimen
856 844 954 889 omne
972 827 1057 889 inter
1073 827 1274 891 creationem
1287 836 1323 891 et

223 926 516 988 conservationem.
530 923 610 986 Nam
626 933 657 987 et
672 924 830 987 creationi
844 939 875 987 et
890 924 1130 988 conservationi
1148 926 1212 988 boc
1225 944 1321 989 com-

224 1042 325 1087 muue
340 1034 399 1100 est,
417 1024 506 1104 quod
530 1041 582 1086 res
595 1023 620 1085 ¹a
640 1026 707 1088 Deo
722 1024 927 1104 dependeant
942 1023 1122 1087 secuudum
1139 1042 1209 1086 esse
1224 1021 1319 1105 quod

225 1123 357 1188 babent.
375 1123 411 1185 ln
434 1125 497 1187 boc
519 1133 611 1186 vero?
622 1123 744 1186 creatio
770 1141 788 1183 a
814 1123 1059 1187 conservatione
1085 1123 1202 1198 differt,
1224 1122 1320 1205 quod

225 1222 358 1298 creatio,
374 1231 491 1301 praeter
503 1221 756 1302 dependentiam
770 1221 866 1296 hauc,
879 1230 1035 1284 connotat
1047 1222 1183 1302 insuper
1192 1222 1320 1284 nocito·

191 1364 193 1367 >
224 1319 425 1394 temerrcndi;
447 1319 747 1383 conservationem
771 1318 1007 1399 praecedeutem
1035 1320 1082 1381 rei
1109 1320 1320 1383 existentiam

225 1415 383 1500 supponit
398 1420 480 1498 (265,
496 1418 553 1497 4⁰).
571 1418 605 1482 Si
619 1419 729 1499 itaque
745 1437 797 1481 res
812 1418 913 1481 finitae
928 1436 1097 1499 nunquam
1113 1438 1183 1482 esse
1207 1438 1321 1500 coepe·

224 1513 313 1594 runt,
338 1536 516 1606 uunquam·
538 1517 725 1580 habuerunt
750 1518 879 1582 essendi
905 1516 1100 1592 novitatem;
1123 1536 1161 1580 ac
1176 1518 1323 1597 proinde

224 1635 355 1698 semper
365 1625 562 1680 conservatae
578 1615 722 1691 luerunt,
741 1634 910 1697 nunquam
927 1612 1052 1680 creatae.
1069 1618 1106 1680 ld
1126 1617 1214 1699 quod
1237 1636 1320 1698 pro·

226 1717 310 1780 lecto
326 1725 434 1779 mente
450 1715 579 1796 concipi
596 1732 663 1778 non
677 1724 783 1796 potest
798 1719 847 1794 (r).

266 1831 339 1897 296.
364 1831 553 1898 Conoturrur
571 1835 602 1897 l⁰
616 1834 664 1898 Ex
680 1831 881 1913 argumentis
907 1832 1008 1897 modo
1030 1831 1140 1894 allatis
1152 1831 1321 1913 intelliges

224 1932 289 1994 vim
305 1932 441 1995 rationis
456 1931 559 2008 illius,
577 1950 674 2013 quam
691 1940 798 2013 patres
815 1940 974 2013 perpetuo
993 1929 1163 2006 adhibent,
1180 1949 1318 2013 praeser-

224 2032 285 2093 tim
307 2040 418 2094 oontra
444 2033 575 2095 arianos
596 2049 604 2096 :
628 2033 826 2094 eternitatem
850 2032 946 2093 solius
974 2030 1029 2093 [tet
1051 2031 1213 2113 propriam
1237 2050 1317 2095 erre.

224 2124 347 2208 Nempe
362 2130 441 2209 quia
458 2140 604 2193 creatura
621 2129 743 2210 quaevis
767 2139 797 2192 et
814 2129 953 2210 produci
969 2137 1051 2209 eget,
1065 2135 1097 2191 et
1109 2130 1321 2193 existentiam

225 2227 322 2289 babet
335 2236 483 2310 ternpore
498 2227 774 2306 mensurabilem;
796 2246 869 2310 quae
885 2227 951 2290 duo
966 2246 1041 2289 cum
1063 2228 1242 2292 eternitate
1259 2248 1324 2312 pu-

225 2335 334 2407 gnant.
352 2327 409 2391 Dei
425 2335 533 2390 autern
550 2337 598 2390 est
613 2338 644 2391 et
658 2346 728 2390 esse
743 2347 761 2389 a
777 2345 822 2402 se,
838 2335 869 2389 et
885 2336 974 2390 extra
989 2336 1118 2408 tempus
1141 2346 1222 2404 esse,
1238 2328 1324 2410 quia

225 2444 363 2507 prorsus
380 2426 597 2490 immutabilis
613 2435 672 2492 est.
727 2425 736 2443 ⁸
834 2480 840 2487 .

265 2540 298 2601 2⁰
313 2539 524 2621 Respondere
540 2541 662 2621 poteris
679 2540 853 2621 quaerenti,
868 2539 955 2602 unde
971 2541 1184 2620 repugnantia
1199 2543 1324 2606 muudi

158 2641 161 2646 ’
224 2641 335 2702 aeterni
360 2639 529 2720 probetur.
550 2639 714 2704 Probatur
736 2638 889 2701 videlicet
915 2656 981 2701 uon
1008 2658 1046 2702 ex
1072 2648 1162 2720 parte
1188 2642 1325 2707 virtutis

225 2736 355 2813 divinae,
369 2737 424 2798 sed
441 2757 479 2799 ex
498 2746 586 2818 parte
599 2737 728 2813 mundi,
747 2745 779 2799 et
795 2738 991 2800 nominatim
1008 2757 1045 2800 ex
1057 2738 1184 2802 duabus
1201 2743 1324 2805 mundi

224 2836 481 2918 proprietatibus
504 2837 642 2900 omnino
658 2836 903 2913 essentialibus,
922 2856 995 2919 quae
1010 2846 1087 2900 sunt
1102 2857 1172 2901 esse
1196 2843 1326 2906 contin-

224 2947 341 3016 pentem
356 2943 387 2999 et
402 2937 618 2999 successivum.
662 2922 667 2929 ’

265 3049 299 3112 5⁰
321 3040 513 3130 Quanquam
544 3048 644 3129 igitur
671 3051 755 3113 Deus
782 3048 823 3111 ab
846 3057 968 3112 aeterno
996 3049 1149 3114 virtutem
1167 3050 1326 3116 babuerit

225 3145 290 3230 qua
311 3147 471 3210 muudum
495 3147 606 3213 creare
622 3156 759 3228 poterat,
773 3156 805 3209 et
817 3148 859 3210 ab
885 3157 1007 3213 aeterno
1038 3146 1182 3213 mrindus
1212 3154 1324 3232 possi·

225 3247 304 3311 bilis
321 3246 430 3320 luerit,
445 3245 555 3308 divina
575 3254 683 3309 tamen
709 3246 811 3308 virtus
837 3247 999 3309 muudum
1025 3257 1183 3312 aeternum
1205 3269 1322 3319 creare

226 3363 293 3410 non
310 3345 435 3426 potuit;
452 3343 530 3423 quia
546 3342 690 3406 mundus
706 3353 847 3407 aeternus
866 3345 1034 3425 possibilis
1050 3363 1116 3410 non
1132 3359 1192 3410 est.
1308 3352 1312 3359 '

267 3460 299 3523 4⁰
320 3458 353 3522 Si
371 3468 435 3538 qua
448 3464 597 3540 creatura
612 3457 744 3539 concipi
760 3469 870 3539 posset
897 3459 931 3522 in
960 3479 1024 3541 qua
1041 3462 1132 3524 nulla
1147 3472 1231 3526 esset
1247 3481 1326 3528 suc·

227 3559 342 3632 cessio,
358 3556 428 3619 haec
443 3572 577 3636 quoque
589 3556 630 3619 ab
645 3566 768 3620 aeterno
784 3557 888 3622 creari
915 3576 982 3621 non
998 3560 1125 3642 potuit;
1142 3561 1220 3643 quia
1231 3582 1326 3628 crea·
1382 3542 1384 3569 *

227 3657 274 3721 tio
285 3655 444 3736 temporis
458 3653 593 3716 initium
617 3655 785 3736 importat,
802 3673 839 3718 ac
855 3657 996 3737 proinde
1021 3660 1192 3725 existentia
1212 3664 1328 3743 cuius·

257 3809 289 3861 (1)
305 3820 317 3846 α
335 3805 428 3851 Ponere
440 3802 559 3848 muudum
569 3812 686 3850 aeternum
703 3803 825 3860 esse,sire
835 3802 984 3850 aeternaliter·
1000 3806 1153 3865 productum,
1161 3809 1276 3866 ponendo
1285 3821 1326 3856 res

233 3895 244 3920 a
259 3891 344 3924 omnes
355 3891 386 3924 ex
395 3876 472 3924 ulbilo
484 3877 622 3935 productas,
635 3877 735 3924 omuino
750 3885 787 3924 est
802 3885 887 3924 contra
898 3879 1024 3925 veritatem
1039 3889 1064 3926 ct
1075 3880 1252 3928 rationem-..et
1262 3883 1326 3930 adeo

230 3969 241 3994 ι
257 3958 341 3999 contre
352 3954 470 4000 rationem
482 3958 509 3998 ut
524 3951 630 4009 nullum,
650 3951 849 4012 philosophorum
864 3959 1090 4014 quantumcumque
1101 3955 1168 4014 parvi
1184 3955 1326 4005 intellectus

231 4041 243 4068 e
259 4025 402 4073 crediderim
412 4026 458 4074 boc
465 4025 584 4101 posuisse.
594 4043 606 4070 r
618 4028 643 4075 S·
655 4028 831 4076 bonaventura.
843 4028 872 4075 ln
882 4028 906 4075 ll
915 4035 976 4076 rent.
992 4029 1051 4076 bist.
1062 4028 1082 4076 l.
1091 4042 1113 4089 q.
1123 4029 1157 4078 ll.
