2792 4600
183 258 225 322 66
637 258 809 316 onnonourt.

187 414 202 451 ι
227 390 331 453 sivum
347 387 398 451 sui
424 404 505 460 esse,
523 402 561 448 eo
577 382 676 448 modo
706 401 773 464 quo
796 383 870 446 finis
896 383 1019 448 dicitur
1040 402 1171 450 movere
1187 407 1202 445 ›
1220 388 1272 466 (ι).

183 489 319 569 Nempe,
342 484 430 568 quod
459 483 585 548 bonum
601 489 659 556 est,
677 482 858 562 appetibile
883 491 941 558 est,
960 492 991 547 et
1011 483 1172 547 rationem
1198 484 1275 547 finio

185 587 295 662 habet,
309 593 364 649 aut
381 585 501 647 habere
516 591 623 665 potest
639 581 734 661 (114).
751 582 857 654 Quum
879 591 987 646 autem
1006 583 1132 646 bonum
1147 582 1275 664 appeti-

184 694 238 751 tur
252 684 388 759 utfinis,
406 684 485 747 boni
502 682 662 746 rationem
678 681 713 743 in
727 681 807 743 alias
822 700 955 762 quoque
971 700 1029 746 -res
1043 682 1211 758 diffundit,
1228 681 1276 745 vi·

184 784 306 848 delicet
316 785 351 847 in
363 783 472 847 media
486 782 525 844 ad
547 781 645 843 talem
664 780 763 842 finem
779 781 1020 861 assequendum
1036 781 1156 845 idonea
1171 805 1182 842 .-
1199 780 1277 843 lacit

186 883 276 947 enim
292 881 350 944 illa
374 879 528 944 amabilia
543 885 576 941 et
590 876 785 959 appetibilia
800 887 935 959 propter
957 878 1115 960 seipsum.
1134 879 1207 941 llaec
1221 897 1277 942 ex·

185 979 519 1064 plicatioomnibono
530 978 695 1052 convenit,
706 984 737 1038 et
748 976 915 1039 veritatem
929 978 1149 1041 universalem
1161 976 1276 1042 asserti

185 1087 308 1143 tuetur.
774 1096 778 1103 ·

229 1177 301 1241 toa.
315 1175 462 1259 Alterum
477 1191 485 1239 :
502 1174 583 1236 Deua
598 1182 640 1236 cst
657 1173 758 1234 amaia
773 1173 846 1235 dotti
859 1174 973 1238 bouum
984 1176 1033 1254 (a).
1054 1174 1123 1238 Hoc
1137 1193 1204 1239 non
1227 1175 1279 1237 in·

188 1275 292 1355 telligi
307 1273 443 1355 perinde
459 1272 567 1348 debet,
585 1290 622 1334 ae
636 1262 666 1334 'si
684 1289 796 1335 rerum
813 1273 943 1336 bonitas
958 1274 1001 1335 sit
1014 1275 1113 1336 realis
1128 1273 1278 1354 quaedam

188 1373 398 1456 participatio
412 1370 569 1434 bonitatis
584 1369 715 1446 divinae,
734 1370 768 1432 id
784 1372 874 1451 quod
889 1371 1068 1436 absurdum
1081 1373 1165 1436 loret
1180 1389 1280 1453 quam

91 1534 103 1542 ,
188 1473 345 1547 maxime;
363 1471 420 1534 sed
432 1469 477 1533 ita
491 1470 648 1532 duntaxat
662 1476 699 1531 ut
714 1469 888 1550 significet,
902 1488 1035 1534 omnem
1047 1481 1203 1535 creaturae
1219 1470 1280 1534 bo·

189 1571 324 1631 nitatem
337 1571 369 1632 κ·
384 1585 403 1629 a
420 1570 485 1631 lieo
499 1568 643 1647 pendere
657 1576 814 1648 tanquam
828 1587 847 1630 a
862 1569 970 1651 primo
987 1570 1155 1651 principio
1168 1587 1279 1632 exem·

190 1667 276 1750 plari
285 1666 347 1746 (82)
357 1685 366 1745 ;
378 1666 413 1728 2⁰
423 1685 441 1727 a
452 1666 520 1729 Deo
532 1665 669 1747 produci
683 1675 841 1747 tanquam
852 1685 871 1729 a
883 1669 1278 1749 primecansaeffictente;

189 1767 224 1830 5⁰
238 1766 277 1828 ad
294 1768 398 1830 Deum
413 1764 561 1829 ordinari
577 1772 733 1846 tanquam
749 1768 791 1828 ad
811 1784 942 1829 eausam
968 1768 1101 1830 finalem
1115 1768 1279 1830 ultimam.

189 1864 352 1929 Formalis
364 1881 440 1928 vero
452 1871 608 1926 creaturae
622 1864 764 1940 bonitas,
780 1884 968 1946 quanquam
981 1884 999 1928 a
1010 1865 1157 1930 bonitate
1169 1866 1282 1928 divina

192 1962 324 2024 realiter
339 1962 559 2042 distinguatur
588 1961 787 2043 infinitoque
816 1972 1005 2027 secernatur
1025 1962 1208 2041 intervallo,
1233 1971 1282 2025 est
1388 1968 1389 2001 ³

192 2060 413 2124 nihilominus
425 2060 573 2141 eiusdem
587 2060 747 2124 bonitatis
759 2062 908 2142 quaedam
923 2063 1120 2139 similitudo,
1135 2073 1282 2144 utsupra
1388 2124 1389 2149 ξ

138 2178 144 2187 ·
191 2157 254 2236 (85,
275 2158 319 2237 2⁰)
335 2158 532 2240 explicatum
549 2166 597 2222 est
613 2161 661 2237 (a).
1088 2165 1093 2172 ’
1388 2158 1389 2175 ’

621 2342 786 2389 arnonius
803 2343 850 2390 ιιι.

659 2470 705 2533 De
725 2467 819 2536 molo.

234 2619 306 2682 tot.
330 2616 451 2679 Malum
467 2634 531 2698 qua
551 2617 627 2692 tale,
644 2625 693 2680 est
713 2619 853 2699 punctio
874 2619 945 2685 doni
974 2639 1032 2685 seu
1055 2625 1194 2687 coronio
1211 2642 1285 2705 per-

193 2717 330 2798 feetionis
358 2715 577 2778 convenientis.
607 2715 680 2778 Non
711 2733 759 2779 est
788 2719 897 2799 itaque
922 2720 1034 2801 aliqua
1068 2724 1199 2786 realitas
1226 2731 1285 2787 aut

195 2815 324 2878 affectio
337 2814 424 2890 entis
439 2813 597 2894 positiva;
614 2831 690 2876 nam
706 2815 837 2878 realitas
852 2818 961 2880 omnis
976 2837 1040 2900 qua
1055 2821 1141 2895 talis,
1158 2831 1208 2884 est
1221 2822 1285 2884 ali·

195 2912 276 2995 quid
292 2913 417 2975 bonum
430 2911 512 2990 (tut)
526 2929 592 2974 non
604 2913 740 2976 malum.
754 2915 867 2993 Neque
879 2924 927 2978 est
939 2934 1029 2980 mera
1041 2920 1170 2999 negatio
1182 2920 1262 2984 boni
1276 2939 1286 2998 ;

195 3030 272 3075 nam
293 3028 387 3073 secus
403 3027 440 3072 ea
464 3028 537 3091 qum
561 3027 628 3073 nou
656 3020 743 3087 sunt,
758 3023 866 3075 essent
884 3016 981 3091 mala,
999 3016 1067 3081 imo
1083 3020 1196 3081 omnia
1210 3037 1285 3101 quae

195 3118 283 3185 sunt,
307 3116 425 3188 praeter
452 3111 567 3185 lleum,
591 3111 676 3172 mala
702 3120 821 3188 essent,
842 3113 920 3194 quia
947 3114 1148 3194 perfectione
1173 3118 1287 3199 aliqua

197 3215 319 3270 carent.
336 3207 391 3271 Est
407 3205 509 3286 igitur
524 3206 648 3270 malum
665 3208 796 3287 negatio
813 3209 952 3289 alicujus
976 3212 1068 3289 honi,
1086 3215 1121 3277 in
1137 3217 1286 3295 subjecto

196 3305 250 3367 eui
266 3304 390 3367 honum
407 3305 570 3386 ejusmodi
583 3306 738 3369 convenit
753 3324 790 3367 ac
805 3306 954 3372 debitum
968 3323 1028 3388 est,
1045 3332 1084 3375 ex
1096 3323 1220 3379 naturae
1235 3316 1289 3379 in·

197 3404 322 3465 stituto.
340 3402 408 3464 Hoc
423 3413 517 3482 pacto
539 3405 669 3484 negatio
685 3405 774 3468 visus
795 3405 962 3485 insuaue,
979 3420 1034 3472 aut
1060 3415 1190 3493 negatio
1206 3432 1288 3496 pru·

196 3502 316 3566 dentiae
331 3498 366 3560 in
381 3517 467 3580 equo
482 3501 568 3562 mala
584 3518 651 3564 non
666 3510 754 3576 sunt,
769 3502 826 3565 sed
843 3505 972 3584 negatio
986 3506 1075 3571 visus
1088 3509 1286 3590 inanimali,

197 3608 228 3664 et
243 3596 427 3679 prudentia
442 3599 476 3660 in
493 3599 629 3661 homine
647 3600 732 3662 mala
744 3609 831 3664 suut.

238 3697 299 3759 llic
327 3712 460 3776 quoque
488 3695 635 3760 advertes
671 3708 863 3761 concretum
884 3701 1003 3765 molum
1031 3721 1092 3785 pro
1122 3706 1288 3774 abstracto

226 3827 257 3883 (1)
267 3825 332 3871 Sum.
344 3824 376 3871 tlt.
389 3838 412 3882 p.
422 3825 446 3870 1.
471 3856 478 3869 .
490 3825 518 3868 V.
527 3832 573 3872 art.
584 3825 616 3872 tv
625 3825 655 3872 ad
664 3828 686 3871 2.

227 3885 258 3938 (2)
269 3884 305 3929 Ex
315 3885 351 3930 Au
371 3881 451 3929 ustino
485 3882 520 3929 111
531 3884 565 3930 De
577 3884 635 3930 l‘rt'n
654 3883 722 3930 clll.

226 3942 258 3997 (ὅ)
269 3941 296 3987 V.
307 3941 332 3988 S.
381 3972 387 3987 .
398 3940 464 3988 Sum.
475 3940 507 3986 tlr.
520 3954 542 4000 p.
553 3941 575 3987 1.
586 3953 609 4000 q.
623 3941 649 3989 V.
659 3940 757 3989 arntv.
