2792 4600
193 343 234 406 22
661 358 833 404 onronoon.

233 489 284 552 45.
309 490 429 553 Rerum
457 488 607 563 essentia,
625 506 664 549 ex
680 489 804 568 duplici
834 488 932 552 modo
948 508 1014 569 quo
1030 488 1232 552 considerari
1248 500 1280 552 et

180 589 347 664 explicari
364 597 478 668 potest,
494 589 527 649 in
541 589 700 669 physicam
714 599 746 648 et
758 590 994 669 rnetopdpsicom
1010 588 1180 651 dividitur.

233 686 379 750 Essentia
395 687 518 748 dicitur
533 688 678 767 physica,
696 703 795 766 quum
821 687 1007 749 essentialia
1022 689 1229 750 constitutiva
1246 697 1280 750 ut

193 786 226 847 in
244 803 278 847 re
294 793 370 848 sunt
399 784 659 860 considerantur,
679 786 769 847 uuita
799 784 1017 848 abstractione
1032 797 1087 849 aut
1115 786 1279 851 artificiali

192 886 371 968 partitione
385 884 544 948 adhibita.

237 984 361 1045 Dicitur
374 1001 449 1045 vero
462 982 695 1062 metaphysica,
710 992 739 1044 et
751 982 848 1044 etiam
861 984 1040 1058 actisactis,
1050 983 1281 1064 quumcousti-

193 1084 292 1144 tutiva
302 1082 387 1142 entis
398 1081 616 1161 metaphysica
624 1079 890 1155 considerantum
904 1081 1280 1162 essentianempedivisa

194 1181 227 1242 in
243 1192 363 1259 partem
376 1196 600 1251 communem,
610 1198 682 1259 quae
694 1197 798 1258 genus
810 1190 868 1249 est,
878 1192 910 1242 ct
923 1180 955 1240 in
967 1195 1088 1259 partem
1098 1182 1278 1259 propriam,

194 1293 327 1360 quaeest
347 1279 542 1340 differentia.
560 1278 640 1339 Vide
655 1278 742 1338 dicta
759 1278 792 1338 in
812 1278 915 1358 logica
935 1278 980 1355 (L.
1000 1278 1069 1346 tat,
1089 1279 1118 1341 4(ι
1132 1277 1216 1357 tua).

233 1377 286 1442 44.
310 1376 532 1439 Manisiestum
564 1393 663 1454 porro
679 1386 738 1447 est,
756 1380 927 1439 essentiam
952 1379 1206 1456 metaphysicam
1222 1394 1280 1440 scu

144 1485 147 1490 ’
193 1478 426 1539 notionaiem‘a
444 1473 577 1553 physica
598 1491 662 1534 nou
679 1475 851 1554 distingui,
870 1476 932 1536 uisi
952 1494 990 1537 ex
1021 1477 1151 1538 diverso
1167 1474 1278 1551 modo,

191 1593 258 1655 quo
274 1582 385 1635 eadem
403 1591 454 1633 res
468 1571 706 1634 consideratur.
724 1571 802 1633 Nam
820 1591 921 1651 quum
938 1574 1112 1635 essentiam
1127 1592 1184 1652 per
1201 1574 1280 1654 phy·

192 1675 258 1737 sica
271 1673 430 1736 elementa
447 1670 677 1745 describimus,
695 1690 765 1732 eam
785 1671 933 1733 absotute
950 1672 1164 1751 respicimus3
1181 1689 1278 1752 quam

192 1791 269 1835 vero
285 1789 342 1851 per
363 1771 523 1829 elementa
540 1771 773 1849 metaphysica,
791 1787 860 1831 eam
880 1771 1130 1832 consideramus
1146 1788 1278 1850 compa·

191 1881 259 1934 rate
288 1869 326 1929 ad
344 1867 419 1937 alia,
437 1878 512 1928 oum
538 1866 660 1947 quibus
676 1868 801 1947 aliquid
818 1885 993 1929 commune
1017 1882 1048 1929 et
1063 1868 1189 1949 aliquid
1213 1886 1279 1931 non

191 1983 368 2033 commune
383 1966 490 2028 habet.
509 1967 591 2028 Hinc
603 1965 629 2026 si
649 1967 780 2045 physica
793 1969 931 2027 essentia
944 1968 1040 2027 realis
1053 1977 1113 2038 est,
1128 1951 1279 2028 notioua·

193 2068 234 2129 iis
265 2073 395 2127 nonest
419 2064 601 2137 arbitraria,
627 2081 686 2125 nec
703 2081 821 2142 purum
852 2065 972 2126 mentis
995 2062 1277 2143 figmentumsed

192 2167 290 2229 realis
312 2165 427 2243 etipsa
450 2161 557 2242 quoad
576 2180 756 2241 remquam
776 2173 1001 2241 repraesentat;
1019 2162 1199 2224 licetrealis
1212 2179 1278 2225 non
1321 2218 1323 2223 .

191 2277 235 2330 stt
257 2264 485 2326 abstractionis
502 2261 631 2335 modus,
650 2278 708 2342 per
723 2277 821 2339 quem
850 2261 939 2322 ittam
958 2271 1179 2339 repraeseutat.
1197 2261 1279 2326 Hinc

194 2384 252 2446 per
264 2383 298 2424 se
321 2361 387 2424 ruit
401 2378 493 2423 error
509 2360 633 2433 Lociii,
650 2359 709 2439 qui
725 2360 897 2421 essentiam
914 2363 1034 2421 reatem
1051 2360 1191 2441 opponit
1219 2377 1278 2423 uo·

192 2462 320 2534 tionaii,
337 2461 549 2530 contendens,
569 2458 767 2521 notionaiem
781 2461 956 2520 essentiam
969 2477 1039 2520 esse
1053 2467 1087 2520 ut
1099 2458 1278 2538 plurimum

191 2563 410 2635 arbitrariam,
429 2560 598 2631 incertam,
615 2568 647 2620 et
660 2561 768 2620 solum
786 2560 856 2619 idea
872 2558 982 2638 aliqua
997 2558 1159 2619 abstracta
1175 2557 1280 2620 couti·

192 2663 277 2733 aeri,
292 2662 342 2721 cui
371 2670 495 2720 certum
511 2676 630 2720 nomen
659 2656 753 2719 fuerit
772 2657 975 2736 applicitum,
991 2667 1025 2719 ut
1050 2657 1120 2736 ejus
1135 2675 1198 2737 ope
1227 2673 1279 2719 res
1334 2663 1338 2669 ’

191 2759 394 2841 colligere'iu
408 2759 564 2840 quasdam
581 2758 700 2819 classes
719 2775 885 2834 possemus
900 2760 947 2836 (t).

551 2891 574 2906 ’“
623 2905 789 2951 aestuosus
811 2906 844 2950 u.

502 3002 545 3065 uc
564 3006 764 3067 maestiorem
784 3003 968 3084 counitione.

231 3119 284 3181 ts.
309 3118 349 3182 Ut
364 3090 488 3180 certum
516 3127 564 3178 cst
578 3134 629 3179 res
654 3118 798 3189 esseio
814 3129 938 3180 certum
956 3135 1088 3198 quoque
1105 3124 1153 3178 est
1168 3132 1279 3178 essen-

190 3218 252 3281 tias
268 3218 369 3312 reates
384 3216 467 3278 dari.
481 3215 545 3278 Sed
562 3215 664 3295 quaeri
684 3224 931 3293 potestatuum,
946 3227 977 3277 et
993 3217 1078 3277 intra
1094 3233 1176 3295 quos
1191 3212 1279 3276 timi·

192 3329 240 3379 tes
254 3313 308 3377 eas
323 3332 570 3394 cognoscamus.
589 3315 632 3375 De
651 3316 713 3376 hoc
729 3313 882 3377 breviter.

231 3412 392 3476 Assenrto.
411 3412 434 3473 l.
448 3410 536 3473 dotti
563 3412 688 3473 dubium
715 3412 906 3491 acinprobe
933 3431 1150 3491 coccoscomus
1176 3430 1279 3475 rerum

190 3511 319 3574 dicrum
345 3512 498 3580 essentias,
526 3530 655 3591 quorum
686 3512 865 3576 constitutio
889 3512 928 3572 od
956 3511 1107 3572 intellectu
1136 3510 1280 3591 dependet

190 3606 418 3672 damonuNon
431 3610 520 3669 enim
533 3616 638 3689 potest
650 3609 1004 3669 intellectustrumanus
1016 3607 1179 3690 ignorare,
1190 3625 1279 3688 qum·
1301 3660 1304 3665 .

191 3724 266 3769 nam
281 3707 346 3767 sint
361 3704 579 3779 constitutiva,
596 3723 669 3785 quaa
687 3706 693 3764 i
700 3723 755 3784 pse
768 3708 927 3785 excogitat
941 3716 973 3767 et
988 3707 1170 3787 conjungit.
1254 3735 1256 3740 ¹

234 3804 427 3885 Huiusmodi
455 3816 530 3866 suot
560 3804 591 3864 1⁰
605 3804 759 3865 arteiacta
788 3808 912 3878 omnia,
932 3815 967 3866 ut
984 3817 1031 3865 est
1061 3825 1089 3866 v.
1107 3822 1155 3882 gr.
1173 3802 1276 3878 naris,

191 3914 345 3974 aratrum,
365 3904 459 3978 iiber,
476 3902 586 3978 clavis,
603 3911 634 3965 et
648 3904 828 3981 generatim
842 3905 1001 3966 machiuae
1019 3893 1235 3989 quaecumque
1246 3911 1278 3965 et

220 4050 253 4106 (1)
263 4050 297 4096 De
306 4050 410 4095 dumoso
420 4048 551 4106 intellectu,
564 4047 615 4096 Lss).
625 4049 659 4097 111
670 4062 691 4096 o.
702 4050 737 4098 ΙΙΙ
749 4053 761 4106 fl
775 4055 810 4108 tt,
819 4052 857 4098 tt.
