2792 4600
437 253 678 308 cruentantem,
704 252 795 297 curun
819 253 850 295 n.
1142 236 1202 296 t'l'l

37 449 38 452 Ἴ
117 373 222 432 inesse
242 367 432 441 realitatem,
453 365 578 454 aliquid
603 384 677 427 verro
702 365 857 427 rectitatis
878 366 1000 427 deesse.
1023 367 1062 429 Et
1084 366 1203 427 exinde

37 463 39 574 l
115 464 397 531 ideaentisliniti.

154 565 169 592 *
190 562 262 627 560.
286 562 380 625 Nunc
394 561 475 642 quid
498 564 582 624 entis
607 561 728 623 infiniti
747 562 838 624 notio
865 562 1031 626 contiueat
1052 562 1201 643 inquira-

116 681 200 726 mus.

154 764 334 825 Psorosimo
357 759 396 821 ll.
422 757 513 822 nouo
533 760 655 840 putauit
671 759 800 824 Locltiuc
825 760 943 839 infiniti
957 758 1130 838 conceptum
1145 760 1202 820 lioc

37 845 55 936 f
110 869 199 942 pecto
217 856 385 939 efformari,
412 858 493 938 quod
517 858 614 935 finite
636 857 833 937 perfectiones
857 857 1081 920 interminabili
1100 857 1201 918 incre·

40 977 41 980 ’
114 953 286 1020 mentorum
300 956 375 1017 serie
389 964 485 1017 curto
500 957 726 1035 concipiantur.

154 1057 187 1121 Si
212 1056 300 1117 enim
318 1056 361 1117 ita
377 1063 471 1129 esset,
489 1069 603 1118 omnes
625 1056 681 1136 qui
707 1056 747 1117 de
770 1055 899 1138 infinito
915 1054 1107 1133 cogitamus,
1126 1053 1202 1115 infi-

115 1155 215 1217 nitam
233 1154 318 1216 hanc
333 1153 538 1216 additionum
554 1154 672 1216 seriem
689 1155 885 1233 completam
897 1153 1125 1232 cogitaremus.
1140 1152 1199 1216 Ve-

113 1270 184 1316 rum
199 1252 227 1314 si
245 1253 315 1314 haec
330 1252 421 1315 notio
438 1251 481 1315 ita
497 1270 530 1314 se
547 1252 693 1326 haberet,
712 1254 797 1313 inter
809 1253 1013 1314 chimaericas
1026 1258 1110 1311 esset
1122 1249 1198 1328 reii-

114 1348 1199 1431 cienda.Exhibcretenimtanquamcompletumidquodcompleri

114 1450 237 1529 nequit,
250 1450 271 1512 i.
282 1469 310 1512 e.
321 1449 529 1511 indefinitum
539 1448 657 1514 iactum
672 1449 837 1514 infinitum
849 1448 1013 1528 muroque
1023 1463 1196 1507 numerum

115 1548 279 1610 infinitum
303 1550 334 1611 iu
352 1548 497 1610 realitate
524 1549 689 1628 positum:
713 1548 920 1627 quaomnia
947 1534 1204 1626 repugnantiam

113 1646 282 1711 continent
297 1645 380 1724 (549,
398 1646 497 1727 Prop.
516 1645 604 1722 vnn
620 1646 693 1721 nat,
712 1646 769 1725 5⁰).
872 1647 875 1652 ’

152 1745 166 1773 *
186 1743 261 1816 56¹.
278 1744 318 1815 Ut
333 1753 480 1806 accurate
498 1744 557 1805 hac
574 1744 607 1806 in
622 1763 658 1805 re
673 1747 857 1824 loquamur,
882 1740 1133 1823 supponendum
1149 1749 1197 1804 est

114 1860 148 1905 ex
159 1842 268 1915 dictis,
282 1842 321 1903 ad
331 1842 416 1904 entis
430 1841 550 1903 infiniti
561 1834 736 1914 ideamnos
749 1860 814 1906 nou
828 1836 1007 1921 assurgere,
1021 1837 1083 1902 nisi
1093 1857 1195 1920 quum

37 2001 38 2024 χ
114 1942 150 2004 de
166 1942 231 2003 [leo
247 1940 440 2019 cogitamus.
458 1941 635 2020 Quousque
652 1943 740 2001 enim
759 1941 842 2004 iutra
858 1958 967 2002 rerum
987 1937 1197 2004 sensibilium

37 2079 38 2086 κ
113 2038 382 2119 impossibilium
396 2037 518 2102 limites
531 2056 709 2111 versamur,
723 2038 929 2119 concipimus
940 2038 1053 2117 utique
1068 2036 1198 2099 realita-

115 2148 184 2210 tem‚
213 2155 252 2199 ac
279 2137 456 2202 realitatem
486 2138 643 2217 majorem
673 2148 704 2200 et
730 2139 904 2210 minorem,
934 2145 965 2198 et
992 2135 1196 2198 indefinitam

114 2236 388 2299 incrementorum
400 2255 437 2299 ac
449 2239 732 2301 decrementorum
749 2236 1009 2316 possibilitatem,
1019 2235 1075 2299 sed
1088 2233 1197 2296 adhue

113 2334 151 2398 de
162 2345 235 2397 ente
248 2345 320 2398 actu
334 2336 465 2398 infinito
477 2337 619 2416 cogitare
629 2355 694 2399 non
705 2355 889 2415 possumus.
899 2336 990 2398 Tunc
1000 2334 1141 2413 primum
1156 2334 1196 2395 de

113 2443 182 2495 ente
194 2434 327 2498 infinito
340 2435 482 2515 cogitare
494 2436 684 2515 incipimus,
700 2455 802 2516 quum
815 2435 1031 2514 intelligimus
1045 2441 1133 2495 extra
1144 2450 1195 2494 re·

115 2550 182 2594 rum
200 2533 391 2611 hujusmodi
411 2534 530 2595 seriem
546 2553 616 2596 esse
633 2537 746 2597 Deum.

151 2631 166 2659 *
185 2630 259 2694 sot.
284 2632 347 2695 Sed
363 2633 447 2695 eutis
463 2633 583 2695 infiniti
600 2654 658 2696 seu
674 2635 730 2696 Dei
748 2633 866 2712 duplex
882 2632 1133 2711 distinguendus
1148 2636 1198 2697 ost

113 2739 306 2809 conceptus;
323 2730 404 2792 aiter
424 2730 568 2811 confusos
584 2742 615 2793 et
628 2731 780 2805 initialis;
803 2732 858 2810 qui
876 2731 941 2795 Ens
963 2731 1126 2793 infinitum
1143 2747 1197 2791 re·

115 2838 283 2907 presentat
294 2829 439 2909 quidem,
448 2831 504 2892 sed
522 2849 587 2893 non
598 2842 631 2893 ut
648 2832 729 2910 tule;
741 2831 991 2910 alterecplicitns
1003 2827 1195 2907 etsormclir,

114 2927 245 3006 quillus
262 2927 428 2989 inlinitum
445 2939 480 2991 ut
494 2931 556 2991 tale
572 2940 792 3011 repraesentat.

152 3025 282 3088 Primus
299 3027 366 3101 ille,
390 3046 594 3109 quotcunque
609 3031 650 3091 sit
672 3031 741 3109 eius
756 3031 860 3109 origo,
885 3028 925 3089 de
945 3046 1009 3107 qua
1026 3045 1113 3101 nunc
1131 3044 1194 3091 non

115 3124 247 3204 agimus,
265 3125 397 3189 exhibet
420 3127 484 3189 llns
507 3127 672 3208 quoddam
700 3145 902 3206 supremum,
921 3127 1126 3205 primamque
1141 3142 1193 3185 re·

115 3241 182 3284 rum
198 3243 340 3295 causam,
357 3225 447 3289 Alter
472 3227 604 3288 exhibet
627 3228 689 3289 hoc
704 3225 780 3299 Eue,
802 3237 961 3306 quatenus
980 3224 1195 3305 perfectiones

115 3339 320 3403 omnesquae
347 3326 381 3384 in
404 3324 502 3387 rebus
521 3324 659 3386 diversis
680 3324 909 3403 cognoscimus
929 3323 1104 3402 dispersas,
1123 3339 1194 3402 per·

115 3419 289 3495 lentissimo
305 3423 404 3486 modo
427 3440 463 3485 ac
478 3423 722 3503 simplicissima
739 3425 871 3485 entitate
886 3424 1048 3495 continet;
1066 3440 1103 3483 ac
1119 3438 1192 3501 pro-

116 3528 219 3597 pterea
235 3531 411 3599 conceptus
428 3520 487 3585 iste
503 3521 622 3582 infiniti
639 3522 724 3581 idem
741 3531 788 3583 est
804 3539 841 3585 ac
855 3534 1032 3602 conceptus
1047 3521 1195 3582 absolute

116 3618 242 3694 perlecti
260 3618 355 3697 (3⁹29).

120 3725 124 3732 '
152 3714 167 3742 *
186 3715 259 3779 565.
285 3717 388 3795 liujus
408 3733 482 3779 vero
508 3717 588 3780 idem
614 3717 823 3779 edormandae
847 3720 1032 3783 occasionem
1058 3716 1194 3796 quidem

117 3828 202 3874 mens
224 3817 346 3896 reperit
366 3816 400 3878 in
421 3815 558 3879 confuso
581 3816 640 3879 itto
659 3817 804 3896 supremi
831 3804 923 3881 llntis
942 3826 1119 3894 conceptu;
1140 3817 1195 3877 ele-

115 3920 210 3972 menta
224 3915 471 3994 representation
499 3924 530 3976 et
550 3914 790 3994 propemodum
812 3914 982 3976 materiam
995 3914 1139 3976 desumit
1155 3930 1196 3976 ex
