2792 4600
457 330 544 376 unm
564 330 687 391 rurum,
710 331 802 379 eaeor
824 333 864 380 ιν.
1134 323 1197 390 aot

7 507 8 512 ,
106 444 246 527 possint.
268 444 349 517 Quis
377 464 477 528 porro
503 450 678 529 negaverit,
707 454 834 513 atomos
850 448 950 513 nnius
980 450 1198 540 ejusdemque

105 545 277 610 moloculee
296 546 531 610 constituentes
552 546 613 609 sub
633 545 771 610 diversis
787 547 950 628 adjunctis
974 551 1197 623 diversimode

107 643 240 727 disponi
254 645 370 727 posse?
384 644 513 709 variata
525 644 692 726 siquidem
708 664 773 709 nna
784 654 840 712 aut
855 647 956 711 altera
970 650 1105 729 uirium,
1124 674 1200 737 quae

106 750 234 807 atomos
248 742 438 819 sollicitant,
455 743 576 808 mirum
592 752 736 822 nonest,
753 745 872 808 variari
889 765 1022 829 quoque
1044 753 1199 820 ordinem

108 859 176 923 quo
187 841 287 906 atomi
296 850 452 924 sepetnnt
463 850 560 923 atque
572 842 716 906 invicem
726 842 1079 926 adhaerescunttt).list
1089 859 1199 917 autern

108 934 247 1015 certum,
264 939 552 1022 dymorpbismum
573 958 641 1003 uon
657 939 780 1005 babere
797 943 920 1019 locum,
937 944 1002 1008 nisi
1019 945 1054 1009 in
1082 965 1203 1032 magna

107 1037 338 1117 adiuncturum
352 1038 518 1115 varietate,
535 1038 707 1119 temperiei
724 1042 920 1121 prasertim.

7 1209 8 1218 ἵ
150 1134 223 1201 tat.
238 1135 290 1200 hd
305 1134 346 1198 3¹²
359 1134 437 1219 Ney.
450 1138 706 1218 consequentiam.
724 1138 793 1203 lloc
811 1140 884 1220 ipso
905 1140 995 1204 enim
1016 1143 1104 1223 quod
1122 1147 1203 1210 sub·

7 1238 8 1305 ἶ
110 1236 237 1298 stantia
253 1235 320 1298 illae
333 1236 427 1300 valde
444 1253 556 1317 prome
571 1243 648 1298 sunt
663 1235 703 1298 ad
723 1237 987 1320 liquescendum,
1004 1251 1059 1305 aut
1082 1262 1202 1327 evapo-

7 1386 8 1413 ,
110 1333 264 1410 randum,
281 1332 317 1395 lit
330 1341 369 1396 ut
390 1333 424 1395 in
441 1332 567 1415 exiguis
591 1333 753 1415 crystallis
770 1335 951 1412 moleculae,
976 1357 1048 1419 quae
1063 1343 1203 1423 angulos

7 1472 8 1495 i
110 1441 284 1513 occupant,
298 1431 466 1508 facillime,
480 1440 682 1494 evanescant.
696 1432 761 1496 Sed
773 1433 848 1496 aliis
860 1443 956 1516 atque
968 1437 1042 1501 aliis
1055 1441 1204 1506 molocu-

111 1529 153 1592 lis
178 1528 422 1607 accedentibus,
449 1529 583 1592 tandem
616 1531 787 1611 crystallus
811 1532 1034 1613 polyedricam
1061 1537 1203 1604 formam
1299 1571 1309 1590 ·

111 1628 260 1692 assumit.
274 1627 411 1692 Possent
426 1629 498 1692 elim
513 1644 646 1710 quoque
659 1628 857 1711 hypotheses
871 1631 993 1708 afferri,
1010 1653 1091 1720 quas
1104 1656 1204 1720 expo·

110 1744 190 1791 nere
204 1745 272 1791 non
287 1735 390 1791 vacat.

153 1825 224 1890 150.
245 1825 293 1888 Ad
322 1827 363 1892 lm
383 1824 467 1907 Neya
495 1833 527 1887 et
550 1826 605 1890 hie
635 1818 892 1908 consequentiam.
917 1829 1045 1894 Etenim
1075 1842 1111 1896 ut
1137 1834 1205 1897 alia

110 1926 272 1999 omittam,
288 1924 378 1987 idem
394 1925 428 1986 in
445 1923 591 1987 alumine
608 1924 781 2006 contingit,
799 1925 926 1989 etiamsi
947 1927 1086 1993 inferior
1101 1950 1221 2015 auga-¹

109 2024 162 2088 lus
188 2041 254 2088 non
282 2023 324 2088 sit
339 2024 511 2087 dissectus.
541 2026 648 2089 Facile
662 2024 752 2087 enim
767 2026 879 2108 anguli
907 2027 1061 2093 insanies
1088 2034 1204 2113 planas

9 2185 10 2188 ,
107 2131 290 2199 mutantur,
322 2122 505 2204 praesertim
535 2124 769 2199 horizontales,
792 2124 1010 2205 probabiliter
1035 2130 1204 2209 gravitatis

108 2239 220 2288 causa.

10 2346 11 2367 2
128 2324 132 2331 ’
151 2321 273 2386 Caetera
284 2321 447 2403 iactaque
459 2321 680 2400 adducuntur,
693 2321 817 2385 nullam
828 2322 949 2386 habent
961 2324 1200 2394 difficultatem.

150 2422 269 2503 Liquet
284 2441 322 2484 ex
347 2420 455 2500 dictis,
478 2438 544 2484 non
561 2421 707 2501 probari,
733 2421 771 2484 ad
799 2416 1027 2502 crystallorum
1042 2428 1206 2506 ¹genesim-

11 2544 12 2557 ¹
110 2513 351 2600 explicandam,
365 2527 484 2600 praeter
495 2518 677 2581 attractivas
685 2518 783 2595 vires,
796 2518 941 2600 aliquam
953 2521 1051 2584 aliam
1064 2543 1121 2587 sen
1133 2526 1201 2590 vim

109 2636 168 2680 seu
195 2616 335 2682 formam
355 2616 494 2699 requiri.
525 2617 565 2681 Ut
581 2617 645 2680 hoc
671 2617 790 2680 melius
807 2618 1021 2700 intelligatur,
1050 2624 1201 2687 eamdem

110 2716 324 2798 hypothesim
337 2716 577 2798 aliquantulum
593 2715 702 2779 adbuc
718 2716 971 2798 perpendemus.

152 2814 225 2878 151.
253 2813 447 2879 Phorosmro.
473 2813 648 2895 Rey‘t'oienda
677 2823 720 2876 eet
747 2816 866 2895 opinio,
896 2817 1203 2897 qua'aryetuttoram

108 2912 244 2995 ymaetim
272 2913 379 2993 repetit
403 2931 424 2974 a
438 2911 470 2974 ai
484 2911 618 2992 quadum
638 2912 772 2992 simplici
798 2914 965 2994 superioria
994 2916 1123 2993 ordinis,
1148 2938 1205 2982 ceu

110 3028 131 3073 a
148 3012 256 3092 forma
276 3010 476 3073 substantiali
486 3010 696 3091 peripatetica,
718 3029 786 3092 aaa
799 3013 878 3074 atres
893 3013 1088 3076 molentlares
1101 3028 1200 3097 reyct,

11 3168 15 3203 ,
110 3126 149 3173 aa
176 3111 236 3173 sibi
261 3109 449 3184 subordinat,
479 3116 507 3170 ct
522 3109 563 3170 ad
595 3108 829 3172 determinatum
861 3108 998 3191 effectum
1022 3130 1205 3178 concurrere
1259 3126 1264 3135 ·

110 3206 220 3287 faciat.

152 3309 194 3375 m
220 3307 324 3372 varias
347 3306 469 3371 formas
498 3324 578 3387 quas
602 3305 671 3368 haec
698 3305 889 3387 hypothesis
915 3306 1064 3388 accipere
1094 3319 1204 3390 potest

112 3390 383 3487 complectamur,
399 3423 437 3468 ea
460 3405 633 3487 tripliciter
650 3413 758 3486 potest
773 3404 913 3484 intelligi
931 3421 939 3471 τ

155 3505 187 3566 1⁰
210 3502 304 3575 Quod
321 3521 526 3584 unaquaeque
550 3504 713 3567 molecnla
734 3504 870 3566 materia
885 3521 922 3566 ac
944 3502 1049 3567 forma
1064 3515 1206 3582 constet,

111 3601 201 3684 juxta
227 3603 435 3685 opinionem,
459 3621 557 3685 qnam
574 3621 673 3684 supra
694 3602 973 3666 consideravimus
991 3603 1053 3682 (80)
1069 3620 1078 3680 ;
1094 3605 1206 3683 quod-

105 3718 178 3781 ·que
194 3708 349 3781 praeterea
363 3701 406 3763 sit
421 3700 455 3763 in
472 3708 540 3765 toto
555 3717 693 3782 corpore
710 3701 814 3765 forma
832 3695 911 3778 haec,
928 3700 970 3764 de
984 3719 1046 3782 qua
1063 3704 1203 3784 agimus,

116 3816 191 3880 quae
204 3799 383 3862 maleculas
401 3800 550 3880 eorporis
564 3798 734 3880 universas
755 3800 944 3864 moderetur
961 3817 999 3863 ac
1013 3807 1121 3882 regat,
1137 3810 1207 3865 tota

115 3898 257 3963 existens
269 3897 304 3960 in
321 3905 388 3960 1010
403 3914 554 3979 corpore,
571 3915 609 3961 ac
623 3907 689 3961 tota
704 3899 738 3960 in
751 3897 890 3979 singulis
903 3900 973 3979 ejus
988 3897 1148 3981 partibus.

146 4011 176 4067 (1)
186 4011 224 4060 Cf.
240 4013 297 4060 hut.
315 3998 385 4056 ciet.
397 4023 419 4057 c.

265 4101 475 4151 lllsll'ltllloliltS,
495 4099 557 4144 ETCe
577 4100 609 4146 ss·
1029 4103 1056 4145 fl
