2792 4600
468 343 554 387 cissa
577 343 696 400 suiuus,
720 344 811 389 osrur
833 344 877 388 in.
1178 323 1218 387 39

175 454 384 517 necessust
401 455 502 534 lingas
516 458 616 518 [teum
628 458 889 536 omnipotentem
906 472 972 519 non
988 474 1070 531 esse,
1089 458 1218 520 tollitur

132 554 243 615 omnis
260 553 474 632 possibilitas.
492 556 589 634 Ergo.

176 649 273 731 Resp
291 652 331 714 ad
354 654 392 715 1¹¹
409 653 502 716 Cone.
516 653 591 733 maj.
610 663 641 715 et
657 655 730 716 dist.
746 655 824 716 min.
839 653 1003 726 Quatenus
1023 655 1133 719 diviua
1160 672 1218 736 po·

133 753 234 815 tentia
250 763 298 815 est
318 754 411 815 radix
434 754 660 833 possibilitatis
685 755 885 829 extrinsecae,
901 772 1003 828 conc.‚·
1020 754 1218 829 intrinseca,

133 868 222 931 nepo.
243 857 250 867 ‘

176 948 256 1010 Dist.
271 967 356 1011 cons.
372 948 462 1010 Nihil
480 957 527 1010 est
541 949 697 1029 possibile
709 948 776 1010 nisi
795 967 854 1028 per
869 948 1011 1010 divinam
1030 949 1218 1029 potentiam,

133 1045 353 1125 possibilitate
370 1046 526 1108 nimirum
544 1047 734 1119 extrinseca,
748 1065 853 1121 conc.;
871 1046 1163 1127 intrinsecarum.

175 1145 224 1209 Ad
241 1146 282 1207 Ψ
296 1145 375 1208 Diei.
388 1144 530 1207 Tollitur
546 1146 749 1226 possibilitas
771 1147 962 1212 extrinseca,
978 1163 1062 1209 conc.
1072 1170 1084 1221 ‚·
1101 1146 1221 1208 intrin-

132 1261 219 1317 seca,
236 1261 323 1320 nepo.
1225 1237 1235 1259 ⁸

177 1340 255 1402 lost.
265 1341 405 1403 Tollitur
417 1359 550 1421 quoque
563 1341 766 1421 possibilitas
776 1343 963 1415 intrinseca,
973 1342 1000 1402 si
1010 1340 1111 1421 lingas
1121 1345 1221 1405 ileum

132 1455 202 1500 non
219 1440 367 1501 existere.

176 1540 274 1616 stesp.
292 1538 370 1599 Dist.
388 1536 541 1611 Tollitur,
566 1538 643 1616 quia
671 1538 811 1598 essentia
837 1537 947 1599 divina
973 1538 1223 1601 tundamentum

131 1647 184 1698 est
203 1637 312 1698 omnis
334 1635 625 1714 intelligibilitatis,
642 1635 791 1714 adeoque
816 1646 848 1697 ct
872 1635 1058 1698 intrinsecas
1080 1636 1223 1716 possibi-

132 1734 248 1805 litatis,
266 1745 302 1794 ut
315 1751 390 1795 mox
406 1732 603 1807 videbimus,
619 1751 725 1807 conc.‚·
740 1735 817 1813 quia
834 1734 897 1796 tale
911 1734 1158 1797 tundamentum
1175 1744 1222 1797 est

132 1832 489 1913 omnipotentiamque.
752 1822 754 1824 ’
901 1887 904 1894 ,

177 1930 230 1994 80.
247 1930 307 1996 Ob.
325 1930 365 1993 ll.
385 1930 416 1991 1ο
432 1929 588 1991 Voluntas
615 1928 826 2008 omnipotens
850 1936 955 2009 potest
975 1930 1087 1993 omnia
1102 1930 1219 1994 lacere.

131 2031 220 2111 Ergo
234 2035 340 2109 potest
354 2028 452 2090 etiam
465 2027 586 2102 iacere,
604 2036 640 2088 ut
656 2027 877 2106 impossibilia
893 2028 959 2090 sint
973 2029 1157 2109 possibilia.

176 2129 208 2190 2⁰
230 2130 329 2192 Secus
344 2125 584 2206 omnipotentia
601 2125 764 2188 limitibus
779 2136 1010 2192 coarctaretur.

176 2226 208 2287 5⁰
228 2226 269 2290 Ut
283 2234 442 2288 statuatur
456 2223 537 2306 quid
557 2223 641 2286 Deus
666 2225 769 2304 possit
791 2225 906 2300 lacere,
923 2226 1089 2306 quid-non
1106 2227 1219 2306 possit,

132 2334 238 2388 totam
267 2323 385 2386 divinae
415 2322 570 2403 potentiae
593 2321 846 2402 amplitudinem
873 2333 1075 2403 perspectam
1102 2325 1222 2389 babere

130 2431 313 2503 oporteret.
327 2414 391 2483 Sed
409 2421 477 2482 baec
494 2419 623 2481 inlicite
635 2427 769 2498 superat
779 2419 899 2482 mentis
912 2421 1063 2483 bumana
1077 2433 1220 2502 captum.

132 2520 233 2602 Ergo.
1111 2525 1112 2528 ’

177 2620 275 2700 Resp.
292 2618 338 2680 Ad
357 2619 395 2679 l¹¹¹
410 2618 488 2679 bist.
506 2617 615 2679 Potest
634 2616 745 2679 omnia
769 2616 875 2679 facere
896 2636 969 2698 quaa
997 2626 1101 2698 potest
1126 2621 1220 2694 velle,

133 2729 167 2783 et
183 2737 258 2798 quoe
272 2726 409 2798 possunt
422 2715 505 2788 lteri,
521 2731 625 2789 cunc.‚·
638 2732 711 2794 quae
723 2732 789 2777 non
804 2722 909 2795 potest
920 2715 1014 2790 velle,
1027 2726 1058 2777 et
1070 2735 1143 2798 quae
1155 2734 1221 2781 non

134 2825 274 2898 possunt
288 2815 373 2890 fieri,
389 2832 476 2893 nep.;
492 2822 524 2875 et
538 2831 607 2893 nep.
621 2831 706 2874 cons.
724 2813 786 2890 (76,
803 2812 858 2889 2⁰).

176 2914 224 2975 tu
242 2913 282 2974 2¹⁰
296 2913 391 2992 liupo.
408 2909 617 2990 impossibile
634 2909 725 2972 enim
747 2927 814 2972 nco
835 2918 883 2971 cst
898 2909 1037 2991 aliquid,
1053 2910 1109 2972 sed
1127 2912 1223 2992 plane

134 3013 235 3077 nihil.
252 3011 479 3092 Nullisiautem
498 3009 661 3071 limitibus
683 3008 969 3072 circumscribitur
983 3009 1094 3070 diuina
1107 3021 1222 3090 poten·

134 3114 193 3189 tia,
204 3129 306 3193 quum
321 3110 463 3172 dicimus
477 3110 579 3189 ipsam
594 3126 660 3171 non
674 3126 770 3188 posse
782 3107 1057 3183 lacerenihilum3
1071 3110 1223 3188 quianon

135 3213 294 3283 nibilum,
318 3210 375 3272 sed
403 3225 461 3269 ens
487 3206 627 3269 actionis
653 3207 815 3269 terminus
840 3225 911 3268 esse
936 3215 1052 3286 potest.
1075 3208 1225 3272 Potentia

138 3328 238 3392 porro
254 3310 364 3370 divina
382 3325 417 3369 se
433 3305 580 3369 ostendit
604 3306 644 3366 ad
660 3307 785 3380 omnia,
801 3322 874 3385 quaa
888 3306 972 3367 eutis
989 3305 1148 3374 rationem
1166 3308 1223 3369 ba·

135 3411 211 3483 ben,
230 3418 262 3469 ct
277 3407 391 3485 inpboc
407 3404 508 3466 nullis
524 3402 686 3465 limitibus
702 3403 901 3466 continetur.

176 3506 224 3570 tu
240 3508 282 3569 5¹¹·
297 3505 375 3567 Diei.
392 3504 426 3565 Si
444 3502 581 3584 positive
597 3514 627 3562 et
641 3501 836 3580 singillatim
853 3501 886 3562 id
903 3502 1109 3565 statuendum
1126 3515 1221 3580 esset,

135 3624 240 3680 coum
256 3606 282 3664 si
297 3605 444 3683 negative
459 3611 491 3664 et
507 3600 697 3675 universim,
711 3619 799 3681 nepo.
813 3600 935 3663 Eodem
952 3600 1221 3669 medullatum.

135 3707 184 3768 Au
199 3720 284 3784 opus
299 3712 398 3765 estut
412 3698 716 3763 immensurabilem
735 3698 913 3779 potentiam
929 3716 1164 3776 mensuremus,
1181 3703 1220 3764 ad

138 3805 200 3867 boc
217 3787 252 3864 ui
266 3810 445 3863 statuamus
467 3796 660 3873 universim,
677 3797 781 3860 ileum
809 3797 913 3859 lacere
932 3812 999 3858 nou
1021 3813 1117 3876 posse
1132 3802 1219 3878 quud

137 3919 273 3985 prorsus
288 3899 373 3970 nibil
390 3899 455 3960 est?

176 4002 228 4066 81.
245 3999 324 4064 lust.
338 3998 370 4060 Si
389 3998 432 4060 ita
448 4007 507 4070 est,
525 3996 673 4061 voluntas
690 3994 747 4058 llei
764 3993 804 4055 ab
818 3991 992 4054 intrinsece
1005 3995 1222 4073 possibilitate
