2792 4600
463 252 549 316 ursan
570 272 706 332 renatus,
729 272 822 317 otrus
845 273 868 318 1.
1149 257 1212 321 363

22 387 23 474 l
122 382 329 465 pressionem
355 396 517 465 receptam
545 388 718 465 provenire
747 387 787 447 alt
817 385 990 464 nativitate,
1022 406 1095 468 quae
1121 401 1211 452 extra

22 505 23 524 ι
122 482 189 544 mei
215 483 366 564 corporis
392 483 552 546 ambitum
579 484 754 564 reperitur.
782 486 846 549 Cur
867 486 945 548 item
969 487 1118 569 percipio
1141 505 1212 552 rem

122 598 223 643 unam
246 588 335 644 extra
356 581 475 645 aliam?
496 581 578 657 Quia
600 600 652 645 res
675 582 721 646 ita
736 601 770 645 se
786 582 927 661 habent3
949 601 1010 647 nec
1023 586 1213 666 oppositum

120 676 278 741 affirmari
295 689 412 761 potest,
429 679 494 742 nisi
506 680 547 742 ab
562 697 600 744 eo
614 680 671 762 qui
688 680 896 744 idealismnm
913 683 1014 763 gratis
1030 683 1215 747 instaurare

121 778 215 841 velit.

163 876 214 939 Ad
238 876 278 938 ΞΜ
300 877 379 940 Dist.
404 877 552 959 Spatium
573 878 654 940 reule
669 887 717 940 est
734 895 838 941 unum
854 890 885 941 et
911 877 1102 956 indivisum,
1119 900 1215 964 nepo,-

121 975 267 1055 spatinm
281 977 386 1053 Mean,
404 984 549 1041 transeut.
575 978 658 1041 llino
679 996 757 1059 nepo
779 961 884 1060 spatia
907 978 1116 1059 particularia
1139 999 1214 1061 per-

119 1072 189 1155 cipi
206 1091 273 1138 non
290 1092 397 1155 posse,
415 1074 480 1136 nisi
495 1074 639 1155 spatium
655 1075 754 1138 totalo
771 1075 957 1139 limitando.
976 1074 1057 1139 Nam
1070 1078 1213 1158 spatium

120 1173 223 1238 totale
246 1174 333 1237 reale
356 1175 536 1256 percipitur
558 1186 593 1239 ut
609 1183 725 1250 totum,
749 1195 788 1239 ex
803 1176 1010 1241 diversorum
1037 1194 1215 1260 corporum

121 1274 315 1338 extensione
341 1274 591 1355 compositum:
615 1276 758 1355 spatium
791 1292 867 1338 vero
895 1275 1000 1338 ideale
1029 1275 1219 1358 concipitur

121 1374 272 1438 tollendo
299 1375 433 1452 limites,
458 1373 579 1454 quibus
601 1386 794 1437 coercentur
810 1374 914 1455 spatia
930 1375 1091 1456 partialia,
1109 1394 1146 1439 ac
1162 1385 1215 1440 to·

121 1480 194 1535 tum
210 1473 352 1554 spatium
369 1474 470 1536 reale.

164 1571 214 1633 Ad
236 1572 277 1632 ΞΝ
299 1570 370 1634 Non
388 1588 521 1652 possum
537 1578 623 1632 certe
639 1569 816 1650 concipere
832 1587 953 1650 corpus
969 1570 1040 1634 sine
1055 1572 1173 1653 spatio,
1188 1572 1217 1635 si
1266 1633 1268 1636 ,

121 1687 232 1733 sermo
248 1671 291 1731 sit
305 1670 346 1731 de
362 1668 544 1733 intuitione
561 1668 673 1731 sensili
690 1687 728 1730 ac
743 1668 783 1730 de
799 1669 905 1749 spatio
921 1669 1002 1731 reali
1008 1693 1020 1746 ‚·
1038 1678 1069 1731 at
1083 1688 1219 1751 possum

124 1779 235 1831 mente
257 1771 434 1851 concipere
462 1768 598 1832 unicum
624 1785 744 1849 corpus
770 1785 838 1831 non
869 1767 1011 1832 existens
1043 1770 1076 1832 in
1110 1772 1220 1851 spatio

124 1868 218 1930 reali.
252 1869 345 1943 Quod
377 1869 405 1931 si
440 1869 503 1932 hoc
535 1886 669 1949 qnoque
694 1885 826 1948 corpus,
858 1868 947 1948 quod
972 1868 1109 1931 unicum
1138 1887 1218 1950 sup·

124 1984 226 2047 pono,
250 1968 284 2030 in
308 1969 415 2048 spatio
437 1968 536 2031 ideali
562 1968 705 2048 positum
726 1966 892 2047 concipio,
916 1968 1156 2048 ratiopeteuda
1171 1977 1221 2031 est

122 2087 163 2129 ex
180 2067 278 2129 dictis
295 2068 379 2145 (555,
397 2067 454 2147 2⁰).
918 2071 920 2074 ’

163 2166 214 2228 Ad
236 2168 279 2231 4¹³
293 2167 442 2248 Spatium
466 2166 633 2228 infinitum
650 2173 698 2228 est
720 2165 753 2227 in
777 2164 933 2246 potentia,
958 2183 1025 2228 non
1044 2183 1121 2230 vero
1144 2176 1219 2229 actu

122 2265 304 2347 infinitum.
315 2266 447 2332 Falsum
456 2276 575 2342 antem,
586 2266 655 2344 eius
668 2264 991 2349 repraesentationem
1004 2281 1022 2326 a
1035 2281 1216 2346 corporum

122 2365 471 2446 repraesentationibus
488 2363 571 2427 oriri
589 2381 655 2426 non
672 2379 780 2443 posse.
798 2363 879 2426 Nam
896 2371 1128 2443 repraesentato
1143 2381 1216 2445 spa·

27 2480 29 2491 ·
122 2465 171 2527 tio
183 2464 264 2527 reali
282 2483 436 2526 unacum
455 2463 664 2543 corporibus,
681 2480 775 2525 mens
788 2471 894 2542 potest
908 2461 1004 2542 hujus
1018 2458 1113 2543 spatii
1127 2463 1218 2526 limi-

27 2576 29 2591 *
122 2571 172 2624 tes
187 2581 355 2630 removere
367 2582 498 2645 semper
511 2564 625 2645 magis,
642 2563 720 2645 quia
735 2562 890 2642 intelligit
902 2563 966 2626 hoc
978 2563 1216 2644 realespatium

123 2679 255 2743 semper
276 2664 379 2744 magis
396 2661 507 2744 angeri
531 2680 637 2742 posse,
655 2679 816 2725 novorum
832 2679 1008 2741 corporum
1026 2662 1216 2726 extensione

123 2761 310 2826 accedente.

546 2907 711 2954 Αιιτιιιιιιιε
733 2908 779 2953 ιιι.

597 3021 641 3083 De
662 3022 738 3086 loco.

166 3154 240 3218 542.
265 3153 349 3227 Quid
365 3153 408 3218 sir
431 3153 523 3216 locus
546 3170 635 3216 nunc
658 3152 752 3216 facile
768 3152 944 3234 intelliges.
961 3154 1065 3217 Locus
1078 3172 1094 3216 a
1107 3156 1216 3237 spatio

126 3254 299 3318 indefinito
323 3254 357 3316 in
380 3256 442 3317 hoo
456 3251 578 3327 differt,
600 3251 689 3332 quod
713 3251 855 3333 spatium
878 3251 1086 3315 indefinitum
1110 3253 1214 3316 nullis

125 3354 313 3418 continetur
328 3351 505 3428 limitibus,
522 3352 615 3416 locus
630 3359 739 3413 autem
756 3349 918 3415 limitibus
934 3351 1123 3429 continetur
1139 3370 1146 3417 :
1165 3362 1216 3417 est

125 3453 215 3514 enim
230 3451 328 3533 spatii
344 3469 418 3535 pars
430 3467 529 3531 quam
544 3466 664 3530 corpus
679 3459 816 3529 occupat
834 3448 915 3527 (529,
931 3448 987 3528 ΞΟ).
1005 3451 1096 3515 Sicut
1112 3451 1216 3531 igitur

126 3552 267 3632 spatium
296 3549 505 3612 indefinitum
527 3558 576 3610 est
599 3546 801 3629 possibilitas
816 3547 1027 3623 extensionis,
1052 3548 1101 3611 ita
1118 3549 1213 3615 locus

126 3659 172 3711 est
189 3649 258 3710 baec
273 3649 386 3710 eadem
403 3645 604 3728 possibilitas
618 3646 706 3708 certis
727 3645 874 3707 limitibus
896 3645 1105 3714 determinato.

166 3747 238 3812 545.
253 3748 290 3811 lli
300 3752 408 3810 autem
417 3745 542 3811 limites
553 3752 629 3807 sunt
640 3744 688 3808 vel
702 3744 1003 3824 tentaverimus.
1016 3747 1218 3814 Realessunt

128 3857 266 3910 externe
282 3863 460 3926 corporum
480 3844 620 3906 realium
640 3843 842 3924 superficies,
860 3864 933 3925 quae
950 3847 1046 3910 locati
1063 3848 1215 3930 corporis

129 3947 334 4029 superficiem
356 3952 492 4025 tangunt
513 3952 544 4007 et
565 3942 658 4024 qnasi
673 3943 920 4024 constringunt3
940 3953 974 4008 ut
990 3965 1019 4010 v.
1036 3964 1085 4026 gr.
1103 3945 1215 4010 littora

274 4060 483 4113 lnsrwlrlodas,
503 4057 563 4100 erc.
583 4058 614 4099 11.
869 4060 872 4065 “
1035 4059 1063 4100 td
