2792 4600
488 326 574 372 trouu
596 327 717 387 terune,
741 327 832 373 catur
856 327 895 372 tv.
1188 307 1229 370 55

135 437 365 521 distinguitur,
376 439 444 519 Jam
470 449 586 503 natura
613 442 683 522 ipsa
698 441 740 503 ab
756 442 817 503 hae
831 439 1029 504 individuali
1042 437 1228 502 differentia

136 555 175 601 re
197 540 333 619 praecisa
348 543 487 601 constat.
504 539 578 601 Haec
594 550 693 619 porro
706 549 821 603 natura
838 540 881 601 ita
897 540 1032 620 praeeisa
1049 538 1099 601 vel
1115 538 1229 619 singu·

137 636 218 699 laris
233 646 282 700 est
295 638 344 702 vel
360 624 566 701 universalis.
583 638 617 702 si
631 637 807 718 singularis
820 637 960 712 dicatur,
975 645 1091 700 natura
1106 636 1229 699 dicitur
1283 711 1288 719 ⁴

136 736 310 800 individua
324 745 398 800 ante
423 734 583 817 adjectam
598 735 817 800 differentiam
834 735 1083 799 individualem.
1100 734 1135 798 Si
1152 734 1229 798 uni·

133 835 283 912 versalia,
298 834 494 899 habebimus
509 836 694 901 universale
711 853 727 898 a
744 843 834 917 parte
850 834 911 907 rei,
923 835 954 895 id
974 833 1062 914 quod
1076 853 1114 896 ex
1130 832 1227 898 dictis

138 951 327 1016 repugnans
342 942 403 997 est.
831 919 839 929 ”

180 1032 253 1094 111.
272 1034 449 1096 Paorosuto
476 1030 515 1095 V.
531 1029 655 1094 Natura
670 1031 770 1093 omnis
784 1029 950 1103 ittdv'ov'duo
957 1048 1014 1111 per
1027 1047 1116 1091 suom
1126 1028 1228 1110 ipsam

136 1131 548 1194 reclitotemt'ndivt'duoest.
905 1136 907 1139 ’

177 1228 215 1293 ld
224 1228 374 1310 sequitur
385 1226 575 1291 immediate
587 1245 626 1290 ex
634 1225 863 1309 propositione
871 1225 1081 1306 praecedenti.
1090 1224 1124 1288 Si
1137 1224 1226 1287 enim

68 1374 71 1377 -
135 1327 386 1393 fundamentum
403 1326 536 1390 unitatis
549 1323 762 1388 individualis
772 1341 838 1388 non
851 1330 900 1387 est
915 1324 1043 1404 aliquid
1058 1342 1094 1387 re
1109 1323 1228 1385 distin·

133 1433 227 1490 ctum
239 1443 256 1487 a
270 1434 386 1488 natura
401 1442 473 1505 qua
490 1421 662 1485 individua
678 1422 923 1497 denominatur,
941 1440 1019 1484 sane
1035 1423 1098 1487 hoc
1111 1421 1228 1485 lunda·
1257 1410 1269 1430 '

135 1534 286 1590 mentum
302 1523 351 1587 vel
368 1524 498 1587 nullum
514 1522 630 1600 est,vel
647 1531 695 1584 est
712 1522 783 1602 ipsa
799 1531 923 1585 naturae
935 1521 1115 1585 individue
1130 1521 1227 1584 reali·

135 1633 197 1689 tas.
279 1624 285 1632 '

177 1721 340 1804 Praeterea
354 1737 560 1801 unaquaeque
575 1737 627 1782 res
640 1727 689 1781 cst
704 1736 769 1781 una
785 1736 924 1782 numero
940 1737 1000 1801 per
1015 1718 1100 1781 illud
1116 1718 1226 1799 ipsum

137 1820 382 1899 formaleatque
396 1818 612 1882 intrinsecum
622 1818 839 1899 principium,
849 1836 906 1899 per
914 1817 1003 1899 quod
1013 1824 1126 1881 estens
1140 1812 1226 1891 actu,

136 1927 235 2000 atque
252 1919 287 1980 in
313 1917 449 1998 physico
464 1933 574 1979 rerum
590 1915 709 1979 ordine
727 1924 864 1978 constat.
880 1914 1010 1979 Etenim
1023 1914 1153 1978 nullum
1168 1930 1226 1975 ens

138 2031 214 2082 ectu
228 2025 277 2079 est
291 2024 346 2078 aut
357 2033 427 2078 esse
443 2022 561 2096 potest,
578 2013 642 2077 nisi
658 2022 819 2094 quatenus
835 2032 938 2077 unum
954 2030 1093 2077 numero
1108 2030 1146 2076 ac
1160 2011 1230 2075 sin·

137 2119 251 2199 gulare
267 2123 314 2179 est
326 2114 420 2194 (tuot.
436 2114 506 2178 lam
519 2114 628 2177 omnis
656 2131 708 2176 res
735 2132 793 2196 per
807 2132 898 2177 suam
925 2114 1029 2195 ipsam
1045 2113 1227 2177 realitatem

136 2225 187 2281 est
202 2234 260 2279 ens
274 2222 347 2277 actu
363 2213 436 2293 (58).
451 2215 512 2276 Per
526 2213 676 2275 eamdem
689 2212 791 2292 igitur
803 2231 868 2275 una
879 2230 1019 2275 numero
1031 2230 1068 2274 ac
1079 2210 1225 2293 singula·

138 2314 350 2379 risefficitur.

179 2413 253 2478 tlt.
271 2412 471 2475 Couottautt.
492 2412 521 2474 1ο
534 2409 683 2474 Essentia
711 2429 768 2473 seu
794 2420 910 2474 natura
925 2411 1109 2474 communis
1122 2409 1157 2472 in
1174 2408 1225 2472 in·

135 2510 282 2574 dividuis
311 2527 378 2572 non
404 2527 440 2572 re
454 2507 512 2570 sed
528 2508 637 2571 solum
653 2508 781 2571 ratione
795 2527 813 2571 a
829 2508 1013 2572 differentia
1029 2507 1225 2572 individuali

135 2608 363 2688 distinguitur.
380 2606 570 2697 differentia
590 2606 679 2669 enim
696 2606 911 2670 individualis
937 2618 985 2671 est
1012 2606 1047 2668 id
1062 2624 1121 2688 per
1136 2604 1226 2688 quod

135 2715 253 2773 natura
267 2707 305 2771 fit
319 2705 511 2783 individua3
527 2706 592 2769 hoc
606 2714 716 2769 autem
731 2713 877 2769 enatura
900 2706 1070 2770 individua
1082 2723 1150 2770 non
1165 2703 1229 2767 dit·

135 2807 209 2872 lert.

174 2905 208 2968 2⁰
223 2905 308 2968 Hinc
323 2903 506 2968 differentia
530 2902 744 2966 individualis
771 2903 954 2966 essentialis
973 2913 1022 2967 est
1037 2901 1223 2978 individuo,

134 3004 213 3069 licet
227 3003 404 3085 speciei,ut
419 3002 578 3066 abstracte
590 3002 789 3082 concipitur,
799 3002 1010 3065 accidentalis
1026 3003 1080 3066 sit.
1090 3002 1126 3065 ld
1136 3001 1225 3064 enim

137 3102 225 3184 quod
243 3102 422 3166 intrinsece
435 3102 499 3165 hoc
513 3101 562 3164 vel
579 3100 663 3163 illud
679 3100 891 3163 individuum
910 3101 1093 3175 constituit,
1110 3107 1143 3162 et
1155 3099 1227 3162 sine

136 3219 202 3283 quo
216 3202 326 3282 ipsum
338 3219 446 3281 neque
460 3218 529 3263 esse
544 3217 652 3280 neque
672 3199 803 3279 concipi
819 3206 935 3280 potest,
953 3199 1100 3279 prolecto
1112 3207 1160 3261 est
1175 3197 1226 3261 illi

138 3299 323 3362 essentiale.

173 3395 447 3476 5⁰Cousequitur,
458 3394 614 3458 essentias
627 3392 1025 3469 individuorumetiamsi
1039 3394 1101 3458 sub
1110 3394 1223 3457 eadem

47 3513 51 3520 ·
136 3495 244 3576 specie
255 3493 501 3569 contineantur,
520 3509 580 3576 pro
597 3491 792 3554 diflcrentiae
808 3491 1022 3555 individualis
1038 3491 1224 3556 diversitate

136 3591 278 3653 diversas
293 3609 375 3654 esse.
395 3583 600 3671 Quapropter
616 3590 643 3652 si
660 3598 759 3672 prout
774 3590 809 3652 in
825 3610 859 3653 se
874 3599 983 3654 sunta
998 3591 1096 3654 nobis
1113 3589 1224 3653 conei-

136 3698 303 3771 perentur,
321 3689 460 3752 diversis
477 3689 551 3769 plus
562 3688 612 3751 vel
627 3689 749 3767 minus,
767 3689 882 3752 saltem
901 3698 936 3752 ut
951 3689 1144 3771 plurimum,
1168 3673 1223 3751 eu-

136 3787 1221 3868 hiberenturconceptibus(t).Caeterumdifferentiaeindividuales,

136 3885 219 3949 utin
234 3904 269 3948 se
285 3893 374 3962 sunt,
405 3885 467 3949 sub
492 3886 714 3967 cognitionem
738 3897 884 3953 nostram
906 3905 973 3952 non
995 3887 1141 3966 cadunt;
1165 3886 1222 3951 sed

159 4000 192 4058 (1)
203 3999 240 4049 ct.
250 3998 343 4066 Suarer
352 4000 419 4060 llisp.
429 4000 488 4048 Met.
497 4001 526 4048 V.
536 4009 596 4049 sect.
607 4000 639 4050 11.
648 4005 661 4059 t
671 4003 708 4050 st.
