2792 4600
455 380 542 427 uteru
563 380 682 441 rurum,
707 381 798 430 mour
820 383 855 429 tt.
1140 362 1200 427 233

110 494 315 574 argumentis
330 514 368 557 ex
385 495 511 576 legibus
524 495 778 577 proportionum
793 497 1094 573 determinatarum,
1112 496 1200 559 mul·

111 593 285 672 tiplorum,
303 604 335 658 et
346 595 629 677 crystallizationis
644 595 850 677 depromptis
865 598 928 675 (50,
945 596 1020 674 lh).

154 693 207 757 66.
224 693 321 777 Atqui
339 694 372 756 id
390 695 477 775 quod
493 696 626 777 physice
638 714 750 758 verum
766 704 824 770 est,
839 696 954 777 nequit
970 695 1116 773 prolecto
1132 712 1201 756 me·

70 778 83 796 ⁶
111 795 292 873 taphysicis
308 812 378 856 esse
398 794 542 869 ialsum;
566 793 722 874 qnodque
737 802 786 856 est
809 795 997 874 hypothesis
1019 794 1201 857 necessaria

112 892 153 953 ad
171 892 252 954 lacta
268 893 471 974 explicanda,
489 894 604 973 nequit
626 893 724 972 abiici
748 902 803 956 aut
818 893 1016 973 impugnari,
1041 912 1143 975 quum
1158 894 1199 956 ad

113 992 283 1070 regionem
301 991 449 1055 idearum
463 993 645 1055 evehimur.
670 994 770 1054 secus
792 991 992 1074 experientia
1013 993 1145 1066 rationi,
1170 1000 1201 1054 et

112 1089 197 1153 ordo
229 1090 381 1170 physicus
409 1091 519 1154 ordini
545 1090 642 1152 ideali
667 1091 891 1154 adversaretur
909 1107 917 1167 ;
938 1090 972 1152 id
993 1091 1079 1171 quod
1102 1108 1200 1171 quarn

113 1188 256 1248 maxime
278 1186 439 1250 absonum
456 1197 515 1250 est.
539 1187 634 1250 Nclas
657 1196 706 1249 est
726 1190 826 1269 igitur
842 1189 1043 1270 philosopho
1065 1189 1200 1269 aliquod

114 1295 255 1365 systema
284 1286 451 1367 amplecti,
483 1286 572 1366 quod
601 1287 776 1349 atomicam
806 1288 1016 1367 physicorum
1038 1289 1200 1350 theoriam

114 1392 259 1461 evertat;
276 1384 443 1447 imovero
459 1386 679 1447 necessarium
703 1394 762 1458 est,
787 1396 823 1448 ut
838 1386 1000 1467 quidquid
1018 1385 1067 1448 illi
1084 1386 1200 1447 adver-

7 1483 8 1520 ³
112 1489 216 1556 satur,
231 1479 367 1562 rejiciat,
381 1483 533 1564 nihilque
545 1492 674 1560 statuat,
689 1483 778 1563 quod
794 1501 869 1546 cum
886 1483 956 1563 ipsa
971 1483 1126 1565 componi
1142 1502 1200 1546 ne·

163 1589 225 1642 eal.

114 1597 339 1758 quAntequam
368 1677 599 1757 investigemus
626 1696 666 1740 an
690 1678 771 1760 quid
802 1678 940 1742 ulterius
962 1678 1201 1759 decerperem

115 1777 337 1840 constitutivis
354 1777 555 1858 philosopho
576 1795 721 1840 asserere
742 1778 848 1854 liceat,
871 1777 1028 1841 diluenda
1050 1788 1126 1840 sunt
1141 1777 1200 1841 ob·

111 1877 208 1955 jecta,
226 1875 347 1958 quihus
367 1895 385 1937 a
405 1876 623 1957 peripateticis
643 1895 717 1939 saec.
735 1876 817 1939 XVll
834 1887 865 1940 et
880 1876 1046 1957 deinceps,
1063 1887 1201 1957 systema

15 1989 19 1998 ’
113 1976 294 2038 atomicum
318 1977 351 2037 in
374 1992 492 2055 genere
518 1978 746 2055 impugnatum
768 1984 828 2050 est,
856 1993 995 2056 quaeque
1023 1975 1058 2037 in
1087 1976 1202 2056 atomi·

5 2113 7 2118 »
113 2091 224 2138 smum
247 2074 428 2138 chimicum
450 2074 594 2137 converti
620 2081 769 2155 possunt.

545 2241 710 2289 articulus
733 2240 773 2287 Vl.

483 2357 632 2440 *Oljeetn
652 2360 831 2422 uideantur.

155 2473 207 2538 66.
223 2472 307 2554 Opp.
324 2473 349 2537 l.
363 2474 397 2538 Si
411 2473 500 2555 juxta
522 2473 686 2537 atomismi
703 2472 869 2535 doctrinas
884 2472 1114 2552 componentia
1128 2480 1202 2535 actu

4 2642 6 2651 ,
114 2582 288 2638 remanent
305 2574 339 2634 in
362 2573 557 2654 composito,
583 2573 673 2633 nulle
689 2589 771 2633 nova
793 2570 972 2633 substantia
996 2570 1200 2651 producitur,

4 2686 6 2743 4
115 2673 174 2736 sed
189 2671 399 2735 solummodo
415 2670 497 2734 fiunt
511 2688 594 2734 nova
616 2679 784 2750 aggregata
804 2668 1031 2732 accidentalia.
1053 2664 1093 2730 ht
1115 2686 1202 2731 com·

113 2766 1201 2847 munissensustenet‚diversitatemcorporumsubstantialemesse.

157 2870 302 2934 Probent
317 2876 424 2930 autem
441 2868 598 2948 majorem
611 2867 796 2930 rationibus
812 2864 1037 2946 sequentibus.

4 3026 6 3047 ,
159 2970 192 3032 1⁰
220 2969 253 3032 Si
278 2968 510 3047 componentia
538 2982 611 3029 actu
640 2977 774 3028 manent
802 2965 972 3039 inmixto,
1002 2964 1204 3029 combinatio

4 3054 6 3115 ἶ
114 3067 259 3131 chimiea
271 3083 337 3129 non
354 3065 510 3138 dilierret,
521 3065 583 3127 nisi
597 3064 778 3127 secundum
795 3064 897 3144 magis
912 3072 944 3125 et
959 3063 1108 3137 minuas
1124 3080 1204 3142 pura

115 3164 353 3229 commixtione
368 3180 644 3244 corporumque
666 3156 702 3223 in
717 3162 859 3224 minutas
883 3168 989 3241 partes
1004 3160 1205 3222 mechanicis

117 3264 239 3329 mediis
256 3263 359 3325 divisa
380 3261 512 3325 luerint.
539 3260 715 3322 Diversitas
734 3268 840 3322 autem
863 3268 1002 3340 quaeest
1024 3258 1205 3320 secundum

117 3365 223 3444 magis
235 3372 266 3425 et
282 3362 404 3435 minus,
421 3361 562 3440 speciem
585 3377 651 3422 non
669 3368 783 3421 mutet.
802 3358 871 3421 lam
885 3358 1075 3422 commixtio
1087 3358 1143 3422 illa
1158 3369 1206 3420 est

117 3459 330 3525 accidentalis
339 3458 487 3521 mutatio.
496 3457 621 3538 lirgoet
635 3456 1205 3521 combinatiochimicaaccidentalis

118 3560 258 3624 mutatio
273 3566 367 3622 esset.

159 3659 194 3720 2⁰
209 3656 275 3719 Nec
289 3654 434 3717 differret
449 3653 489 3716 ab
505 3654 661 3735 operibus
674 3654 850 3729 artelactis,
867 3671 939 3734 quar
955 3652 1142 3717 cfficiuntur
1154 3653 1206 3715 di·

118 3771 285 3819 versurum
309 3752 451 3833 partium
467 3751 710 3833 conjunctione.

159 3857 194 3916 5⁰
216 3852 300 3915 ilinc
311 3850 451 3912 essentia
466 3867 641 3929 corporum
658 3850 692 3910 in
710 3850 810 3911 meris
826 3847 1053 3911 accidentibus
1065 3848 1205 3911 colloca·
1248 3913 1259 3937 Ι

119 3961 227 4027 retur;
252 3965 326 4011 nam
343 3947 529 4029 dispositio,
547 3946 748 4028 coniunctio,
767 3958 944 4028 mutuaque
959 3944 1044 4008 actio
1060 3946 1206 4010 molecu·

118 4053 226 4117 larum
241 4045 421 4112 accidentia
432 4052 520 4110 sunt.
