<?xml version="1.0" encoding="UTF-8"?>
<!DOCTYPE html PUBLIC "-//W3C//DTD XHTML 1.0 Transitional//EN"
    "http://www.w3.org/TR/xhtml1/DTD/xhtml1-transitional.dtd">
<html xmlns="http://www.w3.org/1999/xhtml" xml:lang="en" lang="en">
 <head>
  <title>
</title>
<meta http-equiv="Content-Type" content="text/html;charset=utf-8" />
  <meta name='ocr-system' content='tesseract 3.04.00' />
  <meta name='ocr-capabilities' content='ocr_page ocr_carea ocr_par ocr_line ocrx_word'/>
</head>
<body>
  <div class='ocr_page' id='page_1' title='image "./institutionesph01tonggoog_0400.png"; bbox 0 0 2792 4600; ppageno 0'>
   <div class='ocr_carea' id='block_1_1' title="bbox 167 295 800 359">
    <p class='ocr_par' dir='ltr' id='par_1_1' title="bbox 167 295 800 359">
     <span class='ocr_line' id='line_1_1' title="bbox 167 295 800 359; baseline -0.002 -1"><span class='ocrx_word' id='word_1_1' title='bbox 167 295 230 359; x_wconf 70' lang='lat'><strong>392</strong></span> <span class='ocrx_word' id='word_1_2' title='bbox 609 312 800 359; x_wconf 81' lang='lat' dir='ltr'><strong>cosuoaoou.</strong></span> 
     </span>
    </p>
   </div>
   <div class='ocr_carea' id='block_1_2' title="bbox 165 427 1262 902">
    <p class='ocr_par' dir='ltr' id='par_1_2' title="bbox 165 427 1262 902">
     <span class='ocr_line' id='line_1_2' title="bbox 211 427 1262 507; baseline -0.005 -14"><span class='ocrx_word' id='word_1_3' title='bbox 211 432 244 493; x_wconf 67' lang='lat'><strong>2⁰</strong></span> <span class='ocrx_word' id='word_1_4' title='bbox 259 431 296 493; x_wconf 91' lang='lat' dir='ltr'><strong>ln</strong></span> <span class='ocrx_word' id='word_1_5' title='bbox 313 427 450 490; x_wconf 89' lang='lat' dir='ltr'><strong>transitu</strong></span> <span class='ocrx_word' id='word_1_6' title='bbox 467 428 630 490; x_wconf 89' lang='lat' dir='ltr'><strong>amateria</strong></span> <span class='ocrx_word' id='word_1_7' title='bbox 645 428 741 491; x_wconf 86' lang='lat' dir='ltr'><strong>bruta</strong></span> <span class='ocrx_word' id='word_1_8' title='bbox 753 428 793 490; x_wconf 91' lang='lat' dir='ltr'><strong>ad</strong></span> <span class='ocrx_word' id='word_1_9' title='bbox 809 429 896 490; x_wconf 83' lang='lat' dir='ltr'>entia</span> <span class='ocrx_word' id='word_1_10' title='bbox 908 427 1072 507; x_wconf 82' lang='lat' dir='ltr'><strong>organica,</strong></span> <span class='ocrx_word' id='word_1_11' title='bbox 1088 428 1262 507; x_wconf 84' lang='lat' dir='ltr'><strong>multoque</strong></span> 
     </span>
     <span class='ocr_line' id='line_1_3' title="bbox 169 526 1261 608; baseline -0.002 -18"><span class='ocrx_word' id='word_1_12' title='bbox 169 529 273 608; x_wconf 76' lang='lat' dir='ltr'><strong>magis</strong></span> <span class='ocrx_word' id='word_1_13' title='bbox 288 545 306 587; x_wconf 92' lang='lat' dir='ltr'><strong>a</strong></span> <span class='ocrx_word' id='word_1_14' title='bbox 324 526 442 606; x_wconf 90' lang='lat' dir='ltr'><strong>plantis</strong></span> <span class='ocrx_word' id='word_1_15' title='bbox 459 526 496 586; x_wconf 86' lang='lat' dir='ltr'><strong>ad</strong></span> <span class='ocrx_word' id='word_1_16' title='bbox 520 526 712 600; x_wconf 77' lang='lat' dir='ltr'><strong>animantia,</strong></span> <span class='ocrx_word' id='word_1_17' title='bbox 728 526 953 606; x_wconf 82' lang='lat' dir='ltr'><strong>continuitatis</strong></span> <span class='ocrx_word' id='word_1_18' title='bbox 979 526 1083 605; x_wconf 83' lang='lat' dir='ltr'><strong>legem</strong></span> <span class='ocrx_word' id='word_1_19' title='bbox 1109 526 1142 587; x_wconf 92' lang='lat' dir='ltr'><strong>in</strong></span> <span class='ocrx_word' id='word_1_20' title='bbox 1170 533 1261 588; x_wconf 82' lang='lat' dir='ltr'><strong>exte-</strong></span> 
     </span>
     <span class='ocr_line' id='line_1_4' title="bbox 165 624 1256 706; baseline -0.003 -16"><span class='ocrx_word' id='word_1_21' title='bbox 165 626 247 690; x_wconf 84' lang='lat' dir='ltr'><strong>riori</strong></span> <span class='ocrx_word' id='word_1_22' title='bbox 264 626 371 689; x_wconf 88' lang='lat' dir='ltr'><strong>solum</strong></span> <span class='ocrx_word' id='word_1_23' title='bbox 387 625 490 686; x_wconf 83' lang='lat' dir='ltr'><strong>forma</strong></span> <span class='ocrx_word' id='word_1_24' title='bbox 505 642 542 686; x_wconf 90' lang='lat' dir='ltr'><strong>ac</strong></span> <span class='ocrx_word' id='word_1_25' title='bbox 553 625 661 706; x_wconf 92' lang='lat' dir='ltr'><strong>specie</strong></span> <span class='ocrx_word' id='word_1_26' title='bbox 676 626 794 688; x_wconf 88' lang='lat' dir='ltr'><strong>servari</strong></span> <span class='ocrx_word' id='word_1_27' title='bbox 813 644 918 705; x_wconf 86' lang='lat' dir='ltr'><strong>posse.</strong></span> <span class='ocrx_word' id='word_1_28' title='bbox 934 624 1139 705; x_wconf 74' lang='lat' dir='ltr'><strong>organisatio</strong></span> <span class='ocrx_word' id='word_1_29' title='bbox 1164 626 1256 687; x_wconf 83' lang='lat' dir='ltr'><strong>enim</strong></span> 
     </span>
     <span class='ocr_line' id='line_1_5' title="bbox 167 722 1262 804; baseline -0.004 -15"><span class='ocrx_word' id='word_1_30' title='bbox 167 733 201 789; x_wconf 84' lang='lat' dir='ltr'><strong>et</strong></span> <span class='ocrx_word' id='word_1_31' title='bbox 217 724 280 786; x_wconf 89' lang='lat' dir='ltr'><strong>vita</strong></span> <span class='ocrx_word' id='word_1_32' title='bbox 294 723 458 804; x_wconf 81' lang='lat' dir='ltr'><strong>organica,</strong></span> <span class='ocrx_word' id='word_1_33' title='bbox 476 723 600 785; x_wconf 91' lang='lat' dir='ltr'><strong>etiamsi</strong></span> <span class='ocrx_word' id='word_1_34' title='bbox 623 722 920 803; x_wconf 81' lang='lat' dir='ltr'><strong>imperfectissima,</strong></span> <span class='ocrx_word' id='word_1_35' title='bbox 939 723 1063 803; x_wconf 80' lang='lat' dir='ltr'><strong>ingenti</strong></span> <span class='ocrx_word' id='word_1_36' title='bbox 1088 723 1262 786; x_wconf 86' lang='lat' dir='ltr'><strong>intervallo</strong></span> 
     </span>
     <span class='ocr_line' id='line_1_6' title="bbox 168 822 1260 902; baseline -0.002 -17"><span class='ocrx_word' id='word_1_37' title='bbox 168 822 309 886; x_wconf 84' lang='lat' dir='ltr'><strong>virentia</strong></span> <span class='ocrx_word' id='word_1_38' title='bbox 325 839 342 882; x_wconf 90' lang='lat' dir='ltr'><strong>a</strong></span> <span class='ocrx_word' id='word_1_39' title='bbox 359 839 424 884; x_wconf 92' lang='lat' dir='ltr'><strong>non</strong></span> <span class='ocrx_word' id='word_1_40' title='bbox 447 822 630 884; x_wconf 88' lang='lat' dir='ltr'><strong>virentibus</strong></span> <span class='ocrx_word' id='word_1_41' title='bbox 646 822 862 897; x_wconf 80' lang='lat' dir='ltr'><strong>disterminat,</strong></span> <span class='ocrx_word' id='word_1_42' title='bbox 878 830 908 883; x_wconf 89' lang='lat' dir='ltr'><strong>et</strong></span> <span class='ocrx_word' id='word_1_43' title='bbox 924 822 1032 902; x_wconf 89' lang='lat' dir='ltr'><strong>quoad</strong></span> <span class='ocrx_word' id='word_1_44' title='bbox 1048 831 1260 897; x_wconf 81' lang='lat' dir='ltr'><strong>structuram,</strong></span> 
     </span>
    </p>
   </div>
   <div class='ocr_carea' id='block_1_3' title="bbox 167 919 1382 1002">
    <p class='ocr_par' dir='ltr' id='par_1_3' title="bbox 167 919 1382 1002">
     <span class='ocr_line' id='line_1_7' title="bbox 167 919 1382 1002; baseline -0.003 -17"><span class='ocrx_word' id='word_1_45' title='bbox 167 930 200 985; x_wconf 90' lang='lat' dir='ltr'><strong>et</strong></span> <span class='ocrx_word' id='word_1_46' title='bbox 216 921 325 1002; x_wconf 81' lang='lat' dir='ltr'><strong>quoad</strong></span> <span class='ocrx_word' id='word_1_47' title='bbox 341 920 428 998; x_wconf 76' lang='lat' dir='ltr'><strong>loges</strong></span> <span class='ocrx_word' id='word_1_48' title='bbox 439 919 560 1002; x_wconf 88' lang='lat' dir='ltr'><strong>quibus</strong></span> <span class='ocrx_word' id='word_1_49' title='bbox 573 920 795 999; x_wconf 86' lang='lat' dir='ltr'><strong>subjiciuntur</strong></span> <span class='ocrx_word' id='word_1_50' title='bbox 810 938 817 984; x_wconf 93' lang='lat'>:</span> <span class='ocrx_word' id='word_1_51' title='bbox 831 920 1011 983; x_wconf 87' lang='lat' dir='ltr'><strong>animantia</strong></span> <span class='ocrx_word' id='word_1_52' title='bbox 1027 938 1115 995; x_wconf 86' lang='lat' dir='ltr'><strong>vero,</strong></span> <span class='ocrx_word' id='word_1_53' title='bbox 1130 920 1262 983; x_wconf 89' lang='lat' dir='ltr'><strong>etiamsi</strong></span> <span class='ocrx_word' id='word_1_54' title='bbox 1289 933 1294 940; x_wconf 86' lang='lat'><strong>·</strong></span> <span class='ocrx_word' id='word_1_55' title='bbox 1381 939 1382 950; x_wconf 56' lang='lat'>¹</span> 
     </span>
    </p>
   </div>
   <div class='ocr_carea' id='block_1_4' title="bbox 149 1019 1271 3561">
    <p class='ocr_par' dir='ltr' id='par_1_4' title="bbox 149 1019 1263 1396">
     <span class='ocr_line' id='line_1_8' title="bbox 169 1019 1261 1101; baseline -0.001 -18"><span class='ocrx_word' id='word_1_56' title='bbox 169 1039 269 1083; x_wconf 87' lang='lat' dir='ltr'><strong>sensu</strong></span> <span class='ocrx_word' id='word_1_57' title='bbox 294 1019 525 1086; x_wconf 81' lang='lat' dir='ltr'><strong>tantammodo</strong></span> <span class='ocrx_word' id='word_1_58' title='bbox 554 1019 716 1100; x_wconf 86' lang='lat' dir='ltr'><strong>polleant,</strong></span> <span class='ocrx_word' id='word_1_59' title='bbox 748 1029 867 1100; x_wconf 81' lang='lat' dir='ltr'><strong>practer</strong></span> <span class='ocrx_word' id='word_1_60' title='bbox 898 1021 1088 1101; x_wconf 80' lang='lat' dir='ltr'><strong>organicum</strong></span> <span class='ocrx_word' id='word_1_61' title='bbox 1119 1037 1261 1100; x_wconf 89' lang='lat' dir='ltr'><strong>corpus,</strong></span> 
     </span>
     <span class='ocr_line' id='line_1_9' title="bbox 149 1106 1261 1199; baseline -0.001 -17"><span class='ocrx_word' id='word_1_62' title='bbox 149 1106 154 1116; x_wconf 37' lang='lat'><strong><em>⁹</em></strong></span> <span class='ocrx_word' id='word_1_63' title='bbox 168 1120 351 1182; x_wconf 89' lang='lat' dir='ltr'><strong>substantia</strong></span> <span class='ocrx_word' id='word_1_64' title='bbox 378 1119 513 1199; x_wconf 82' lang='lat' dir='ltr'><strong>insuper</strong></span> <span class='ocrx_word' id='word_1_65' title='bbox 545 1126 736 1181; x_wconf 84' lang='lat' dir='ltr'><strong>constante</strong></span> <span class='ocrx_word' id='word_1_66' title='bbox 762 1118 897 1181; x_wconf 89' lang='lat' dir='ltr'><strong>materia</strong></span> <span class='ocrx_word' id='word_1_67' title='bbox 927 1137 1062 1199; x_wconf 88' lang='lat' dir='ltr'><strong>prorsus</strong></span> <span class='ocrx_word' id='word_1_68' title='bbox 1091 1119 1219 1181; x_wconf 88' lang='lat' dir='ltr'><strong>diversa</strong></span> <span class='ocrx_word' id='word_1_69' title='bbox 1250 1135 1261 1181; x_wconf 73' lang='grc' dir='ltr'>ε</span> 
     </span>
     <span class='ocr_line' id='line_1_10' title="bbox 169 1201 1263 1299; baseline -0.004 -18"><span class='ocrx_word' id='word_1_70' title='bbox 169 1218 280 1281; x_wconf 88' lang='lat' dir='ltr'><strong>anima</strong></span> <span class='ocrx_word' id='word_1_71' title='bbox 296 1201 371 1279; x_wconf 87' lang='lat' dir='ltr'><strong>item</strong></span> <span class='ocrx_word' id='word_1_72' title='bbox 388 1216 569 1291; x_wconf 86' lang='lat' dir='ltr'><strong>rationalis,</strong></span> <span class='ocrx_word' id='word_1_73' title='bbox 586 1236 659 1299; x_wconf 84' lang='lat' dir='ltr'><strong>quae</strong></span> <span class='ocrx_word' id='word_1_74' title='bbox 684 1225 732 1279; x_wconf 92' lang='lat' dir='ltr'><strong>est</strong></span> <span class='ocrx_word' id='word_1_75' title='bbox 753 1220 787 1279; x_wconf 94' lang='lat' dir='ltr'><strong>in</strong></span> <span class='ocrx_word' id='word_1_76' title='bbox 811 1218 958 1294; x_wconf 89' lang='lat' dir='ltr'><strong>homine,</strong></span> <span class='ocrx_word' id='word_1_77' title='bbox 975 1217 1016 1279; x_wconf 90' lang='lat' dir='ltr'><strong>ab</strong></span> <span class='ocrx_word' id='word_1_78' title='bbox 1030 1217 1139 1280; x_wconf 90' lang='lat' dir='ltr'><strong>anima</strong></span> <span class='ocrx_word' id='word_1_79' title='bbox 1154 1216 1263 1279; x_wconf 89' lang='lat' dir='ltr'><strong>sensi·</strong></span> 
     </span>
     <span class='ocr_line' id='line_1_11' title="bbox 160 1315 852 1396; baseline -0.001 -17"><span class='ocrx_word' id='word_1_80' title='bbox 160 1317 234 1394; x_wconf 49' lang='lat' dir='ltr'><strong>,tiva</strong></span> <span class='ocrx_word' id='word_1_81' title='bbox 250 1316 423 1378; x_wconf 89' lang='lat' dir='ltr'><strong>brutorum</strong></span> <span class='ocrx_word' id='word_1_82' title='bbox 439 1315 508 1394; x_wconf 87' lang='lat' dir='ltr'><strong>ipsa</strong></span> <span class='ocrx_word' id='word_1_83' title='bbox 526 1315 665 1377; x_wconf 84' lang='lat' dir='ltr'><strong>essentia</strong></span> <span class='ocrx_word' id='word_1_84' title='bbox 678 1315 852 1396; x_wconf 85' lang='lat' dir='ltr'><strong>discrepat.</strong></span> 
     </span>
    </p>

    <p class='ocr_par' dir='ltr' id='par_1_5' title="bbox 170 1412 1270 2384">
     <span class='ocr_line' id='line_1_12' title="bbox 212 1412 1261 1494; baseline -0.004 -17"><span class='ocrx_word' id='word_1_85' title='bbox 212 1416 245 1476; x_wconf 68' lang='lat'><strong>5⁰</strong></span> <span class='ocrx_word' id='word_1_86' title='bbox 267 1412 522 1477; x_wconf 75' lang='lat' dir='ltr'><strong>continuitatem</strong></span> <span class='ocrx_word' id='word_1_87' title='bbox 538 1431 605 1476; x_wconf 91' lang='lat' dir='ltr'><strong>non</strong></span> <span class='ocrx_word' id='word_1_88' title='bbox 622 1415 740 1475; x_wconf 88' lang='lat' dir='ltr'><strong>servari</strong></span> <span class='ocrx_word' id='word_1_89' title='bbox 757 1414 791 1475; x_wconf 94' lang='lat' dir='ltr'><strong>in</strong></span> <span class='ocrx_word' id='word_1_90' title='bbox 808 1412 946 1477; x_wconf 89' lang='lat' dir='ltr'><strong>transitu</strong></span> <span class='ocrx_word' id='word_1_91' title='bbox 962 1431 980 1475; x_wconf 88' lang='lat' dir='ltr'><strong>a</strong></span> <span class='ocrx_word' id='word_1_92' title='bbox 997 1414 1116 1494; x_wconf 89' lang='lat' dir='ltr'><strong>plantis</strong></span> <span class='ocrx_word' id='word_1_93' title='bbox 1132 1413 1171 1474; x_wconf 89' lang='lat' dir='ltr'><strong>ad</strong></span> <span class='ocrx_word' id='word_1_94' title='bbox 1188 1413 1261 1474; x_wconf 86' lang='lat' dir='ltr'><strong>ani·</strong></span> 
     </span>
     <span class='ocr_line' id='line_1_13' title="bbox 170 1503 1263 1592; baseline -0.002 -17"><span class='ocrx_word' id='word_1_95' title='bbox 170 1514 285 1589; x_wconf 83' lang='lat' dir='ltr'><strong>malia3</strong></span> <span class='ocrx_word' id='word_1_96' title='bbox 311 1503 385 1572; x_wconf 86' lang='lat' dir='ltr'><strong>nam</strong></span> <span class='ocrx_word' id='word_1_97' title='bbox 403 1511 649 1591; x_wconf 83' lang='lat' dir='ltr'><strong>perfectissimae</strong></span> <span class='ocrx_word' id='word_1_98' title='bbox 669 1513 798 1592; x_wconf 86' lang='lat' dir='ltr'><strong>plantae,</strong></span> <span class='ocrx_word' id='word_1_99' title='bbox 816 1520 851 1573; x_wconf 92' lang='lat' dir='ltr'><strong>ut</strong></span> <span class='ocrx_word' id='word_1_100' title='bbox 866 1510 1010 1585; x_wconf 88' lang='lat' dir='ltr'><strong>arbores,</strong></span> <span class='ocrx_word' id='word_1_101' title='bbox 1028 1522 1105 1574; x_wconf 91' lang='lat' dir='ltr'><strong>sunt</strong></span> <span class='ocrx_word' id='word_1_102' title='bbox 1121 1512 1263 1573; x_wconf 85' lang='lat' dir='ltr'><strong>maxime</strong></span> 
     </span>
     <span class='ocr_line' id='line_1_14' title="bbox 171 1609 1264 1692; baseline -0.002 -18"><span class='ocrx_word' id='word_1_103' title='bbox 171 1611 352 1674; x_wconf 87' lang='lat' dir='ltr'><strong>dissimiles</strong></span> <span class='ocrx_word' id='word_1_104' title='bbox 377 1610 417 1671; x_wconf 91' lang='lat' dir='ltr'><strong>ab</strong></span> <span class='ocrx_word' id='word_1_105' title='bbox 445 1609 740 1692; x_wconf 86' lang='lat' dir='ltr'><strong>imperfectissimis</strong></span> <span class='ocrx_word' id='word_1_106' title='bbox 767 1610 976 1673; x_wconf 71' lang='lat' dir='ltr'><strong>animalibus</strong></span> <span class='ocrx_word' id='word_1_107' title='bbox 993 1610 1161 1673; x_wconf 86' lang='lat' dir='ltr'><strong>Transitus</strong></span> <span class='ocrx_word' id='word_1_108' title='bbox 1184 1628 1264 1691; x_wconf 79' lang='lat' dir='ltr'><strong>ergo</strong></span> 
     </span>
     <span class='ocr_line' id='line_1_15' title="bbox 173 1708 1264 1790; baseline -0.003 -17"><span class='ocrx_word' id='word_1_109' title='bbox 173 1709 312 1773; x_wconf 87' lang='lat' dir='ltr'><strong>habetur</strong></span> <span class='ocrx_word' id='word_1_110' title='bbox 326 1727 344 1773; x_wconf 90' lang='lat' dir='ltr'><strong>a</strong></span> <span class='ocrx_word' id='word_1_111' title='bbox 358 1708 574 1771; x_wconf 88' lang='lat' dir='ltr'><strong>mineralibus</strong></span> <span class='ocrx_word' id='word_1_112' title='bbox 586 1708 625 1772; x_wconf 89' lang='lat' dir='ltr'><strong>ad</strong></span> <span class='ocrx_word' id='word_1_113' title='bbox 642 1710 768 1789; x_wconf 88' lang='lat' dir='ltr'><strong>plantas</strong></span> <span class='ocrx_word' id='word_1_114' title='bbox 780 1709 878 1772; x_wconf 88' lang='lat' dir='ltr'><strong>simul</strong></span> <span class='ocrx_word' id='word_1_115' title='bbox 892 1708 973 1771; x_wconf 89' lang='lat' dir='ltr'><strong>etad</strong></span> <span class='ocrx_word' id='word_1_116' title='bbox 987 1708 1153 1783; x_wconf 88' lang='lat' dir='ltr'><strong>animalia,</strong></span> <span class='ocrx_word' id='word_1_117' title='bbox 1167 1709 1264 1790; x_wconf 86' lang='lat' dir='ltr'><strong>quasi</strong></span> 
     </span>
     <span class='ocr_line' id='line_1_16' title="bbox 172 1807 1264 1889; baseline -0.002 -18"><span class='ocrx_word' id='word_1_118' title='bbox 172 1808 311 1872; x_wconf 88' lang='lat' dir='ltr'><strong>adduas</strong></span> <span class='ocrx_word' id='word_1_119' title='bbox 333 1807 434 1869; x_wconf 89' lang='lat' dir='ltr'><strong>series</strong></span> <span class='ocrx_word' id='word_1_120' title='bbox 460 1808 683 1882; x_wconf 86' lang='lat' dir='ltr'><strong>simultaneas,</strong></span> <span class='ocrx_word' id='word_1_121' title='bbox 702 1826 895 1889; x_wconf 86' lang='lat' dir='ltr'><strong>semperque</strong></span> <span class='ocrx_word' id='word_1_122' title='bbox 911 1808 1013 1887; x_wconf 80' lang='lat' dir='ltr'><strong>magis</strong></span> <span class='ocrx_word' id='word_1_123' title='bbox 1040 1809 1264 1888; x_wconf 79' lang='lat' dir='ltr'><strong>divergeutes3</strong></span> 
     </span>
     <span class='ocr_line' id='line_1_17' title="bbox 174 1906 1267 1988; baseline -0.003 -17"><span class='ocrx_word' id='word_1_124' title='bbox 174 1910 218 1971; x_wconf 86' lang='lat' dir='ltr'><strong>ita</strong></span> <span class='ocrx_word' id='word_1_125' title='bbox 236 1917 344 1972; x_wconf 89' lang='lat' dir='ltr'><strong>tamen</strong></span> <span class='ocrx_word' id='word_1_126' title='bbox 360 1916 396 1969; x_wconf 93' lang='lat' dir='ltr'><strong>ut</strong></span> <span class='ocrx_word' id='word_1_127' title='bbox 412 1908 444 1969; x_wconf 91' lang='lat' dir='ltr'><strong>in</strong></span> <span class='ocrx_word' id='word_1_128' title='bbox 464 1907 532 1969; x_wconf 90' lang='lat' dir='ltr'><strong>suis</strong></span> <span class='ocrx_word' id='word_1_129' title='bbox 550 1906 654 1968; x_wconf 87' lang='lat' dir='ltr'><strong>initiis</strong></span> <span class='ocrx_word' id='word_1_130' title='bbox 670 1925 769 1988; x_wconf 85' lang='lat' dir='ltr'><strong>quam</strong></span> <span class='ocrx_word' id='word_1_131' title='bbox 784 1906 939 1987; x_wconf 85' lang='lat' dir='ltr'><strong>proximae</strong></span> <span class='ocrx_word' id='word_1_132' title='bbox 955 1908 1018 1969; x_wconf 84' lang='lat' dir='ltr'><strong>sint</strong></span> <span class='ocrx_word' id='word_1_133' title='bbox 1034 1907 1141 1988; x_wconf 89' lang='lat' dir='ltr'><strong>quoad</strong></span> <span class='ocrx_word' id='word_1_134' title='bbox 1158 1916 1267 1969; x_wconf 82' lang='lat' dir='ltr'><strong>exter·</strong></span> 
     </span>
     <span class='ocr_line' id='line_1_18' title="bbox 174 2005 1266 2087; baseline -0.004 -17"><span class='ocrx_word' id='word_1_135' title='bbox 174 2025 250 2070; x_wconf 91' lang='lat' dir='ltr'><strong>uam</strong></span> <span class='ocrx_word' id='word_1_136' title='bbox 268 2006 423 2087; x_wconf 89' lang='lat' dir='ltr'><strong>speciem,</strong></span> <span class='ocrx_word' id='word_1_137' title='bbox 441 2015 536 2086; x_wconf 84' lang='lat' dir='ltr'><strong>atque</strong></span> <span class='ocrx_word' id='word_1_138' title='bbox 553 2005 653 2068; x_wconf 90' lang='lat' dir='ltr'><strong>altera</strong></span> <span class='ocrx_word' id='word_1_139' title='bbox 677 2007 768 2067; x_wconf 88' lang='lat' dir='ltr'><strong>alteri</strong></span> <span class='ocrx_word' id='word_1_140' title='bbox 792 2007 957 2069; x_wconf 86' lang='lat' dir='ltr'><strong>cohaerere</strong></span> <span class='ocrx_word' id='word_1_141' title='bbox 972 2007 1129 2069; x_wconf 89' lang='lat' dir='ltr'><strong>videatur.</strong></span> <span class='ocrx_word' id='word_1_142' title='bbox 1147 2007 1266 2070; x_wconf 87' lang='lat' dir='ltr'><strong>Simil-</strong></span> 
     </span>
     <span class='ocr_line' id='line_1_19' title="bbox 173 2104 1270 2186; baseline -0.002 -16"><span class='ocrx_word' id='word_1_143' title='bbox 173 2108 251 2171; x_wconf 90' lang='lat' dir='ltr'><strong>lima</strong></span> <span class='ocrx_word' id='word_1_144' title='bbox 264 2106 352 2168; x_wconf 88' lang='lat' dir='ltr'><strong>enim</strong></span> <span class='ocrx_word' id='word_1_145' title='bbox 370 2104 566 2186; x_wconf 76' lang='lat' dir='ltr'><strong>vegetalibus</strong></span> <span class='ocrx_word' id='word_1_146' title='bbox 583 2104 880 2186; x_wconf 81' lang='lat' dir='ltr'><strong>imperfectissimis</strong></span> <span class='ocrx_word' id='word_1_147' title='bbox 891 2109 966 2168; x_wconf 90' lang='lat' dir='ltr'><strong>sunt</strong></span> <span class='ocrx_word' id='word_1_148' title='bbox 979 2105 1270 2186; x_wconf 76' lang='lat' dir='ltr'><strong>imperfectissima</strong></span> 
     </span>
     <span class='ocr_line' id='line_1_20' title="bbox 172 2203 1266 2287; baseline 0 -19"><span class='ocrx_word' id='word_1_149' title='bbox 172 2205 342 2279; x_wconf 89' lang='lat' dir='ltr'><strong>animalia,</strong></span> <span class='ocrx_word' id='word_1_150' title='bbox 356 2213 392 2267; x_wconf 90' lang='lat' dir='ltr'><strong>nt</strong></span> <span class='ocrx_word' id='word_1_151' title='bbox 403 2204 573 2285; x_wconf 80' lang='lat' dir='ltr'><strong>zoophyta,</strong></span> <span class='ocrx_word' id='word_1_152' title='bbox 588 2203 760 2278; x_wconf 88' lang='lat' dir='ltr'><strong>inlusoria,</strong></span> <span class='ocrx_word' id='word_1_153' title='bbox 775 2213 806 2268; x_wconf 89' lang='lat' dir='ltr'><strong>et</strong></span> <span class='ocrx_word' id='word_1_154' title='bbox 817 2204 880 2266; x_wconf 87' lang='lat' dir='ltr'><strong>alia</strong></span> <span class='ocrx_word' id='word_1_155' title='bbox 893 2204 1054 2284; x_wconf 86' lang='lat' dir='ltr'><strong>quaedam,</strong></span> <span class='ocrx_word' id='word_1_156' title='bbox 1065 2223 1137 2287; x_wconf 87' lang='lat' dir='ltr'><strong>quae</strong></span> <span class='ocrx_word' id='word_1_157' title='bbox 1150 2218 1266 2268; x_wconf 89' lang='lat' dir='ltr'><strong>utrum</strong></span> 
     </span>
     <span class='ocr_line' id='line_1_21' title="bbox 173 2303 1014 2384; baseline 0 -16"><span class='ocrx_word' id='word_1_158' title='bbox 173 2306 329 2368; x_wconf 88' lang='lat' dir='ltr'><strong>animalia</strong></span> <span class='ocrx_word' id='word_1_159' title='bbox 345 2305 410 2365; x_wconf 91' lang='lat' dir='ltr'><strong>sint</strong></span> <span class='ocrx_word' id='word_1_160' title='bbox 422 2322 462 2364; x_wconf 90' lang='lat' dir='ltr'><strong>au</strong></span> <span class='ocrx_word' id='word_1_161' title='bbox 479 2304 608 2384; x_wconf 79' lang='lat' dir='ltr'><strong>plantae,</strong></span> <span class='ocrx_word' id='word_1_162' title='bbox 626 2303 734 2366; x_wconf 91' lang='lat' dir='ltr'><strong>adhuc</strong></span> <span class='ocrx_word' id='word_1_163' title='bbox 748 2304 886 2366; x_wconf 88' lang='lat' dir='ltr'><strong>dubium</strong></span> <span class='ocrx_word' id='word_1_164' title='bbox 903 2315 951 2366; x_wconf 88' lang='lat' dir='ltr'><strong>est</strong></span> <span class='ocrx_word' id='word_1_165' title='bbox 966 2307 1014 2381; x_wconf 81' lang='lat' dir='ltr'><strong>tt).</strong></span> 
     </span>
    </p>

    <p class='ocr_par' dir='ltr' id='par_1_6' title="bbox 174 2402 1269 2683">
     <span class='ocr_line' id='line_1_22' title="bbox 216 2402 1269 2485; baseline -0.001 -19"><span class='ocrx_word' id='word_1_166' title='bbox 216 2403 232 2434; x_wconf 86' lang='lat'>*</span> <span class='ocrx_word' id='word_1_167' title='bbox 253 2405 325 2468; x_wconf 73' lang='lat' dir='ltr'><strong>tto.</strong></span> <span class='ocrx_word' id='word_1_168' title='bbox 352 2403 473 2480; x_wconf 80' lang='lat' dir='ltr'><strong>Quarto</strong></span> <span class='ocrx_word' id='word_1_169' title='bbox 500 2403 550 2465; x_wconf 87' lang='lat' dir='ltr'><strong>lex</strong></span> <span class='ocrx_word' id='word_1_170' title='bbox 575 2411 622 2465; x_wconf 92' lang='lat' dir='ltr'><strong>est</strong></span> <span class='ocrx_word' id='word_1_171' title='bbox 648 2403 790 2479; x_wconf 81' lang='lat' dir='ltr'><strong>unitatis,</strong></span> <span class='ocrx_word' id='word_1_172' title='bbox 813 2423 885 2485; x_wconf 90' lang='lat' dir='ltr'><strong>quae</strong></span> <span class='ocrx_word' id='word_1_173' title='bbox 912 2404 945 2465; x_wconf 91' lang='lat' dir='ltr'><strong>in</strong></span> <span class='ocrx_word' id='word_1_174' title='bbox 969 2402 1096 2484; x_wconf 82' lang='lat' dir='ltr'><strong>legibus</strong></span> <span class='ocrx_word' id='word_1_175' title='bbox 1120 2404 1269 2485; x_wconf 85' lang='lat' dir='ltr'><strong>physicis</strong></span> 
     </span>
     <span class='ocr_line' id='line_1_23' title="bbox 176 2501 1268 2588; baseline -0.003 -21"><span class='ocrx_word' id='word_1_176' title='bbox 176 2503 356 2588; x_wconf 87' lang='lat' dir='ltr'><strong>praesertim</strong></span> <span class='ocrx_word' id='word_1_177' title='bbox 373 2510 518 2582; x_wconf 88' lang='lat' dir='ltr'><strong>apparet,</strong></span> <span class='ocrx_word' id='word_1_178' title='bbox 534 2511 565 2564; x_wconf 89' lang='lat' dir='ltr'><strong>et</strong></span> <span class='ocrx_word' id='word_1_179' title='bbox 581 2503 619 2563; x_wconf 78' lang='lat' dir='ltr'><strong>in‘</strong></span> <span class='ocrx_word' id='word_1_180' title='bbox 631 2501 748 2565; x_wconf 85' lang='lat' dir='ltr'><strong>linium</strong></span> <span class='ocrx_word' id='word_1_181' title='bbox 764 2502 1047 2566; x_wconf 89' lang='lat' dir='ltr'><strong>subordinatione.</strong></span> <span class='ocrx_word' id='word_1_182' title='bbox 1063 2501 1108 2565; x_wconf 86' lang='lat' dir='ltr'><strong>De</strong></span> <span class='ocrx_word' id='word_1_183' title='bbox 1123 2521 1187 2584; x_wconf 86' lang='lat' dir='ltr'><strong>qua</strong></span> <span class='ocrx_word' id='word_1_184' title='bbox 1196 2503 1268 2582; x_wconf 76' lang='lat' dir='ltr'><strong>iam</strong></span> 
     </span>
     <span class='ocr_line' id='line_1_24' title="bbox 174 2599 575 2683; baseline -0.015 -17"><span class='ocrx_word' id='word_1_185' title='bbox 174 2602 303 2683; x_wconf 87' lang='lat' dir='ltr'><strong>aliquid</strong></span> <span class='ocrx_word' id='word_1_186' title='bbox 320 2600 464 2662; x_wconf 78' lang='lat' dir='ltr'><strong>diximus</strong></span> <span class='ocrx_word' id='word_1_187' title='bbox 481 2599 575 2678; x_wconf 63' lang='lat'><strong>(245).</strong></span> 
     </span>
    </p>

    <p class='ocr_par' dir='ltr' id='par_1_7' title="bbox 177 2697 1269 2875">
     <span class='ocr_line' id='line_1_25' title="bbox 220 2697 1269 2784; baseline 0 -23"><span class='ocrx_word' id='word_1_188' title='bbox 220 2698 338 2775; x_wconf 82' lang='lat' dir='ltr'><strong>Quinto</strong></span> <span class='ocrx_word' id='word_1_189' title='bbox 363 2697 414 2759; x_wconf 79' lang='lat' dir='ltr'><strong>lex</strong></span> <span class='ocrx_word' id='word_1_190' title='bbox 437 2697 691 2784; x_wconf 77' lang='lat' dir='ltr'><strong>pulchritudinis.</strong></span> <span class='ocrx_word' id='word_1_191' title='bbox 711 2697 755 2759; x_wconf 86' lang='lat' dir='ltr'><strong>De</strong></span> <span class='ocrx_word' id='word_1_192' title='bbox 772 2699 832 2759; x_wconf 88' lang='lat' dir='ltr'><strong>hac</strong></span> <span class='ocrx_word' id='word_1_193' title='bbox 848 2698 927 2760; x_wconf 87' lang='lat' dir='ltr'><strong>alibi</strong></span> <span class='ocrx_word' id='word_1_194' title='bbox 952 2698 1118 2774; x_wconf 80' lang='lat' dir='ltr'><strong>dicemus3</strong></span> <span class='ocrx_word' id='word_1_195' title='bbox 1135 2706 1165 2760; x_wconf 84' lang='lat' dir='ltr'><strong>et</strong></span> <span class='ocrx_word' id='word_1_196' title='bbox 1187 2698 1269 2762; x_wconf 90' lang='lat' dir='ltr'><strong>satis</strong></span> 
     </span>
     <span class='ocr_line' id='line_1_26' title="bbox 177 2798 546 2875; baseline -0.016 -13"><span class='ocrx_word' id='word_1_197' title='bbox 177 2798 349 2866; x_wconf 78' lang='lat' dir='ltr'><strong>manifesta</strong></span> <span class='ocrx_word' id='word_1_198' title='bbox 366 2814 424 2875; x_wconf 89' lang='lat' dir='ltr'><strong>per</strong></span> <span class='ocrx_word' id='word_1_199' title='bbox 439 2814 473 2856; x_wconf 89' lang='lat' dir='ltr'><strong>sa</strong></span> <span class='ocrx_word' id='word_1_200' title='bbox 488 2803 546 2857; x_wconf 89' lang='lat' dir='ltr'><strong>est.</strong></span> 
     </span>
    </p>

    <p class='ocr_par' dir='ltr' id='par_1_8' title="bbox 176 2882 1271 3561">
     <span class='ocr_line' id='line_1_27' title="bbox 220 2882 1268 2986; baseline 0 -27"><span class='ocrx_word' id='word_1_201' title='bbox 220 2896 317 2959; x_wconf 78' lang='lat' dir='ltr'><strong>Secta</strong></span> <span class='ocrx_word' id='word_1_202' title='bbox 334 2896 384 2986; x_wconf 77' lang='lat' dir='ltr'><strong>lex</strong></span> <span class='ocrx_word' id='word_1_203' title='bbox 398 2893 587 2955; x_wconf 79' lang='lat' dir='ltr'><strong>constantie.</strong></span> <span class='ocrx_word' id='word_1_204' title='bbox 603 2893 676 2954; x_wconf 84' lang='lat' dir='ltr'><strong>llaec</strong></span> <span class='ocrx_word' id='word_1_205' title='bbox 691 2894 757 2956; x_wconf 91' lang='lat' dir='ltr'><strong>duo</strong></span> <span class='ocrx_word' id='word_1_206' title='bbox 772 2882 1094 2978; x_wconf 78' lang='lat' dir='ltr'><strong>importat1l0quod</strong></span> <span class='ocrx_word' id='word_1_207' title='bbox 1113 2897 1196 2961; x_wconf 93' lang='lat' dir='ltr'><strong>ordo</strong></span> <span class='ocrx_word' id='word_1_208' title='bbox 1208 2917 1268 2960; x_wconf 91' lang='lat' dir='ltr'><strong>na·</strong></span> 
     </span>
     <span class='ocr_line' id='line_1_28' title="bbox 176 2992 1269 3073; baseline -0.002 -13"><span class='ocrx_word' id='word_1_209' title='bbox 176 3006 258 3060; x_wconf 86' lang='lat' dir='ltr'><strong>turae</strong></span> <span class='ocrx_word' id='word_1_210' title='bbox 274 2995 426 3073; x_wconf 83' lang='lat' dir='ltr'><strong>legesque</strong></span> <span class='ocrx_word' id='word_1_211' title='bbox 442 2992 540 3054; x_wconf 89' lang='lat' dir='ltr'><strong>semel</strong></span> <span class='ocrx_word' id='word_1_212' title='bbox 559 3010 574 3052; x_wconf 89' lang='lat' dir='ltr'><strong>a</strong></span> <span class='ocrx_word' id='word_1_213' title='bbox 592 3001 737 3055; x_wconf 84' lang='lat' dir='ltr'><strong>creatore</strong></span> <span class='ocrx_word' id='word_1_214' title='bbox 752 2996 935 3057; x_wconf 77' lang='lat' dir='ltr'><strong>constituta</strong></span> <span class='ocrx_word' id='word_1_215' title='bbox 958 2996 992 3057; x_wconf 92' lang='lat' dir='ltr'><strong>in</strong></span> <span class='ocrx_word' id='word_1_216' title='bbox 1015 2996 1095 3057; x_wconf 90' lang='lat' dir='ltr'><strong>alias</strong></span> <span class='ocrx_word' id='word_1_217' title='bbox 1112 3014 1178 3058; x_wconf 89' lang='lat' dir='ltr'><strong>nort</strong></span> <span class='ocrx_word' id='word_1_218' title='bbox 1196 3013 1269 3058; x_wconf 82' lang='lat' dir='ltr'><strong>ntu-</strong></span> 
     </span>
     <span class='ocr_line' id='line_1_29' title="bbox 177 3090 1267 3172; baseline -0.002 -17"><span class='ocrx_word' id='word_1_219' title='bbox 177 3102 289 3155; x_wconf 88' lang='lat' dir='ltr'><strong>tantur</strong></span> <span class='ocrx_word' id='word_1_220' title='bbox 306 3110 313 3154; x_wconf 92' lang='lat'>:</span> <span class='ocrx_word' id='word_1_221' title='bbox 330 3091 468 3172; x_wconf 67' lang='lat' dir='ltr'><strong>2⁰qnod</strong></span> <span class='ocrx_word' id='word_1_222' title='bbox 497 3091 548 3151; x_wconf 92' lang='lat' dir='ltr'><strong>his</strong></span> <span class='ocrx_word' id='word_1_223' title='bbox 574 3090 700 3170; x_wconf 77' lang='lat' dir='ltr'><strong>legibus</strong></span> <span class='ocrx_word' id='word_1_224' title='bbox 728 3094 934 3172; x_wconf 83' lang='lat' dir='ltr'><strong>exceptiones</strong></span> <span class='ocrx_word' id='word_1_225' title='bbox 961 3111 1026 3156; x_wconf 91' lang='lat' dir='ltr'><strong>non</strong></span> <span class='ocrx_word' id='word_1_226' title='bbox 1051 3094 1267 3166; x_wconf 88' lang='lat' dir='ltr'><strong>inducuntur,</strong></span> 
     </span>
     <span class='ocr_line' id='line_1_30' title="bbox 176 3188 1268 3272; baseline -0.004 -16"><span class='ocrx_word' id='word_1_227' title='bbox 176 3193 243 3256; x_wconf 85' lang='lat' dir='ltr'><strong>nisi</strong></span> <span class='ocrx_word' id='word_1_228' title='bbox 258 3208 330 3254; x_wconf 92' lang='lat' dir='ltr'><strong>raro</strong></span> <span class='ocrx_word' id='word_1_229' title='bbox 343 3203 424 3252; x_wconf 82' lang='lat' dir='ltr'><strong>etex</strong></span> <span class='ocrx_word' id='word_1_230' title='bbox 438 3190 535 3269; x_wconf 80' lang='lat' dir='ltr'><strong>digna</strong></span> <span class='ocrx_word' id='word_1_231' title='bbox 547 3207 653 3252; x_wconf 90' lang='lat' dir='ltr'><strong>causa.</strong></span> <span class='ocrx_word' id='word_1_232' title='bbox 668 3188 715 3251; x_wconf 91' lang='lat' dir='ltr'><strong>lta</strong></span> <span class='ocrx_word' id='word_1_233' title='bbox 728 3192 836 3252; x_wconf 91' lang='lat' dir='ltr'><strong>autem</strong></span> <span class='ocrx_word' id='word_1_234' title='bbox 849 3191 919 3252; x_wconf 87' lang='lat' dir='ltr'><strong>lieri</strong></span> <span class='ocrx_word' id='word_1_235' title='bbox 933 3192 1133 3272; x_wconf 80' lang='lat' dir='ltr'><strong>experientia</strong></span> <span class='ocrx_word' id='word_1_236' title='bbox 1146 3191 1268 3272; x_wconf 86' lang='lat' dir='ltr'><strong>liquet;</strong></span> 
     </span>
     <span class='ocr_line' id='line_1_31' title="bbox 178 3286 1267 3369; baseline -0.004 -15"><span class='ocrx_word' id='word_1_237' title='bbox 178 3294 223 3355; x_wconf 90' lang='lat' dir='ltr'><strong>ita</strong></span> <span class='ocrx_word' id='word_1_238' title='bbox 239 3288 310 3351; x_wconf 87' lang='lat' dir='ltr'><strong>fieri</strong></span> <span class='ocrx_word' id='word_1_239' title='bbox 322 3298 485 3369; x_wconf 88' lang='lat' dir='ltr'><strong>oportere,</strong></span> <span class='ocrx_word' id='word_1_240' title='bbox 499 3287 616 3348; x_wconf 85' lang='lat' dir='ltr'><strong>divinae</strong></span> <span class='ocrx_word' id='word_1_241' title='bbox 628 3287 807 3367; x_wconf 77' lang='lat' dir='ltr'><strong>sapientiae,</strong></span> <span class='ocrx_word' id='word_1_242' title='bbox 821 3287 978 3350; x_wconf 87' lang='lat' dir='ltr'><strong>bonitatis</strong></span> <span class='ocrx_word' id='word_1_243' title='bbox 990 3306 1027 3350; x_wconf 92' lang='lat' dir='ltr'><strong>ac</strong></span> <span class='ocrx_word' id='word_1_244' title='bbox 1040 3286 1267 3368; x_wconf 80' lang='lat' dir='ltr'><strong>providentiae,</strong></span> 
     </span>
     <span class='ocr_line' id='line_1_32' title="bbox 180 3386 1271 3471; baseline 0 -21"><span class='ocrx_word' id='word_1_245' title='bbox 180 3387 362 3471; x_wconf 81' lang='lat' dir='ltr'><strong>praesertim</strong></span> <span class='ocrx_word' id='word_1_246' title='bbox 378 3403 451 3464; x_wconf 75' lang='lat' dir='ltr'><strong>erga</strong></span> <span class='ocrx_word' id='word_1_247' title='bbox 468 3401 569 3463; x_wconf 79' lang='lat' dir='ltr'><strong>genus</strong></span> <span class='ocrx_word' id='word_1_248' title='bbox 587 3386 780 3458; x_wconf 89' lang='lat' dir='ltr'><strong>humanum,</strong></span> <span class='ocrx_word' id='word_1_249' title='bbox 797 3387 1030 3461; x_wconf 86' lang='lat' dir='ltr'><strong>consideratio,</strong></span> <span class='ocrx_word' id='word_1_250' title='bbox 1045 3396 1080 3448; x_wconf 91' lang='lat' dir='ltr'><strong>ut</strong></span> <span class='ocrx_word' id='word_1_251' title='bbox 1093 3403 1168 3449; x_wconf 80' lang='lat' dir='ltr'><strong>mox</strong></span> <span class='ocrx_word' id='word_1_252' title='bbox 1180 3386 1271 3450; x_wconf 90' lang='lat' dir='ltr'><strong>vide·</strong></span> 
     </span>
     <span class='ocr_line' id='line_1_33' title="bbox 179 3483 840 3561; baseline -0.006 -9"><span class='ocrx_word' id='word_1_253' title='bbox 179 3489 301 3561; x_wconf 84' lang='lat' dir='ltr'><strong>bimus,</strong></span> <span class='ocrx_word' id='word_1_254' title='bbox 318 3483 413 3546; x_wconf 83' lang='lat' dir='ltr'><strong>tacite</strong></span> <span class='ocrx_word' id='word_1_255' title='bbox 429 3483 687 3545; x_wconf 85' lang='lat' dir='ltr'><strong>demonstratum</strong></span> <span class='ocrx_word' id='word_1_256' title='bbox 703 3484 840 3549; x_wconf 89' lang='lat' dir='ltr'><strong>dabunt.</strong></span> 
     </span>
    </p>
   </div>
   <div class='ocr_carea' id='block_1_5' title="bbox 178 3612 1270 3751">
    <p class='ocr_par' dir='ltr' id='par_1_9' title="bbox 178 3612 1270 3751">
     <span class='ocr_line' id='line_1_34' title="bbox 212 3612 1270 3674; baseline -0.001 -11"><span class='ocrx_word' id='word_1_257' title='bbox 212 3621 243 3672; x_wconf 81' lang='lat' dir='ltr'><strong>(tt</strong></span> <span class='ocrx_word' id='word_1_258' title='bbox 259 3616 296 3663; x_wconf 82' lang='lat' dir='ltr'><strong>Cf.</strong></span> <span class='ocrx_word' id='word_1_259' title='bbox 305 3612 497 3674; x_wconf 76' lang='lat' dir='ltr'><strong>Sappifiloaofici</strong></span> <span class='ocrx_word' id='word_1_260' title='bbox 508 3613 545 3659; x_wconf 86' lang='lat' dir='ltr'><strong>del</strong></span> <span class='ocrx_word' id='word_1_261' title='bbox 562 3613 585 3660; x_wconf 88' lang='lat' dir='ltr'><strong>P.</strong></span> <span class='ocrx_word' id='word_1_262' title='bbox 599 3613 627 3660; x_wconf 87' lang='lat' dir='ltr'><strong>G.</strong></span> <span class='ocrx_word' id='word_1_263' title='bbox 636 3613 662 3659; x_wconf 87' lang='grc' dir='ltr'><strong>Β.</strong></span> <span class='ocrx_word' id='word_1_264' title='bbox 673 3613 797 3660; x_wconf 85' lang='lat' dir='ltr'><strong>Pianciani</strong></span> <span class='ocrx_word' id='word_1_265' title='bbox 816 3615 839 3660; x_wconf 91' lang='lat' dir='ltr'><strong>d.</strong></span> <span class='ocrx_word' id='word_1_266' title='bbox 847 3616 872 3662; x_wconf 85' lang='lat' dir='ltr'><strong>C.</strong></span> <span class='ocrx_word' id='word_1_267' title='bbox 884 3616 909 3660; x_wconf 87' lang='lat' dir='ltr'><strong>d.</strong></span> <span class='ocrx_word' id='word_1_268' title='bbox 919 3614 946 3662; x_wconf 83' lang='lat' dir='ltr'><strong>G.</strong></span> <span class='ocrx_word' id='word_1_269' title='bbox 959 3614 1011 3662; x_wconf 88' lang='lat' dir='ltr'><strong>Vol.</strong></span> <span class='ocrx_word' id='word_1_270' title='bbox 1019 3614 1052 3662; x_wconf 88' lang='lat' dir='ltr'><strong>ll.</strong></span> <span class='ocrx_word' id='word_1_271' title='bbox 1062 3616 1204 3674; x_wconf 84' lang='lat' dir='ltr'><strong>appendice,</strong></span> <span class='ocrx_word' id='word_1_272' title='bbox 1215 3615 1270 3662; x_wconf 83' lang='lat' dir='ltr'><strong>Dia-</strong></span> 
     </span>
     <span class='ocr_line' id='line_1_35' title="bbox 178 3690 266 3751; baseline -0.034 -13"><span class='ocrx_word' id='word_1_273' title='bbox 178 3693 236 3751; x_wconf 73' lang='lat' dir='ltr'><strong>tego</strong></span> <span class='ocrx_word' id='word_1_274' title='bbox 246 3690 266 3737; x_wconf 84' lang='lat'><strong>1.</strong></span> 
     </span>
    </p>
   </div>
   <div class='ocr_carea' id='block_1_6' title="bbox 0 0 1413 4600">
    <p class='ocr_par' dir='ltr' id='par_1_10' title="bbox 0 0 1413 4600">
     <span class='ocr_line' id='line_1_36' title="bbox 0 0 1413 4600; baseline 0 0"><span class='ocrx_word' id='word_1_275' title='bbox 0 0 1413 4600; x_wconf 95' lang='lat' dir='ltr'><strong> </strong></span> 
     </span>
    </p>
   </div>
  </div>
 </body>
</html>
