2792 4600
197 348 261 413 298
643 363 835 411 cosnonocm.

197 490 287 542 satur
302 490 366 544 tota
383 481 452 542 haec
474 479 603 558 questio
620 478 728 541 solum
750 479 838 541 circa
861 477 1033 558 qualitates
1055 473 1197 555 objectiva
1215 493 1285 557 ape-

196 586 305 654 clatus,
330 577 430 639 etuti
455 584 531 640 sunt
554 576 587 638 in
608 576 825 655 corporibus;
842 575 883 638 de
905 574 958 637 his
974 591 1092 653 nempe
1114 572 1286 652 quaeritur,
1366 575 1367 656 t

196 693 239 738 an
261 674 328 739 sint
349 672 495 755 idipsum
518 674 607 755 quod
637 672 671 734 in
701 673 991 753 repraesentatione
1013 670 1163 734 sensibili
1187 668 1285 732 nobis

197 781 368 855 apparent.
385 773 490 847 Quare
506 770 643 853 quaestio
667 771 737 833 lraec
760 779 792 852 et
814 768 980 832 immerito
996 767 1230 842 contemnitur,
1256 774 1288 829 et
1366 813 1367 854 3

196 871 309 936 minus
330 869 461 935 dextere
476 868 613 933 solvitur
628 887 646 934 a
662 867 803 931 Bnffiero
826 871 862 947 (t)
886 876 918 929 et
933 866 1048 931 Reidio
1061 868 1121 945 (n);
1139 865 1195 946 qui
1212 881 1285 927 eam

195 970 231 1034 in
257 986 336 1049 pura
358 967 616 1050 aequivocatione
630 967 725 1030 sitam
742 984 825 1043 esse,
843 975 876 1029 et
896 984 935 1029 ex
949 964 1145 1054 idiomatum
1160 964 1285 1045 imper·

196 1067 340 1133 sectione
362 1080 467 1130 ortam
488 1066 697 1143 existimant;
719 1065 797 1145 qnia
822 1082 941 1145 nempe
963 1063 1078 1127 eadem
1099 1080 1189 1136 voce,
1207 1075 1286 1142 puta

195 1166 307 1231 colom
337 1177 401 1228 tam
429 1182 560 1228 sensum
584 1182 682 1246 quem
705 1182 766 1227 nos
791 1164 992 1245 experimur,
1015 1180 1114 1244 quam
1137 1159 1171 1223 id
1193 1162 1285 1242 quod

186 1282 330 1330 ¹sensum
346 1263 537 1343 hujusmodi
554 1273 722 1344 provocat,
739 1263 925 1345 significare
941 1262 1097 1335 solemus.

237 1380 310 1446 202.
320 1381 391 1455 Quo
403 1380 437 1441 in
443 1379 644 1462 judicioduo
656 1390 733 1442 sunt
742 1379 1001 1460 reprehensione
1013 1378 1129 1458 digna:
1146 1374 1280 1456 Pigno-

122 1525 125 1532 ,
192 1479 299 1542 rantia
322 1478 453 1540 elenchi
470 1494 483 1558 ;1
500 1478 578 1539 satis
598 1477 688 1539 euim
711 1476 798 1539 clare
825 1476 990 1540 Cartesius
1014 1483 1218 1554 expresserat
1233 1471 1283 1553 (a),

195 1594 261 1658 qua
276 1575 317 1638 de
330 1593 366 1637 re
377 1576 586 1657 loqueretur;
600 1592 661 1637 nec
676 1572 852 1636 difficulter
868 1573 902 1635 id
919 1592 977 1653 per
988 1590 1022 1636 se
1039 1571 1178 1652 intelligi
1193 1578 1284 1652 pote·
1342 1641 1348 1657 ,

196 1684 267 1739 rat:
285 1676 318 1738 2⁰
336 1673 574 1737 vocabulorum
597 1673 847 1755 interpretatio:
865 1682 913 1736 est
927 1673 1017 1735 enim
1039 1670 1169 1745 falsum,
1189 1686 1285 1734 voces

195 1773 320 1857 quibus
335 1772 509 1836 sensibiles
525 1772 699 1854 qualitates
715 1772 950 1854 significamus,
967 1790 997 1835 v.
1014 1788 1063 1851 qr.
1079 1770 1219 1846 onerem,
1235 1788 1285 1833 so·

195 1890 285 1947 nem,
301 1872 502 1946 conmittere,
519 1881 551 1934 et
566 1880 696 1933 oaeteras
711 1871 886 1950 ejusmodi,
900 1870 1084 1951 significare
1096 1888 1135 1931 ex
1145 1886 1243 1948 aequo
1256 1877 1285 1931 et

196 1969 336 2050 subjecti
362 1987 508 2045 sensum,
532 1978 564 2031 at
579 1968 698 2049 obiecti
722 1969 926 2050 qualitatem.
942 1967 1022 2031 llam
1038 1985 1149 2030 revera
1164 1968 1284 2048 obiecti

196 2067 409 2131 solummodo
441 2068 632 2151 qualitatem
661 2068 859 2148 significant.
883 2068 938 2131 Sie
956 2057 1102 2130 ‘dicimus
1124 2066 1214 2129 hune
1237 2067 1284 2128 vel
1366 2111 1367 2114 ,

197 2166 296 2229 illum
319 2166 354 2227 in
374 2184 513 2248 corpore
531 2187 591 2230 erse
611 2168 755 2245 colorem,
772 2186 811 2230 ac
824 2168 857 2230 in
874 2166 971 2231 nobis
987 2185 1058 2230 esse
1071 2166 1180 2229 colom
1194 2166 1285 2229 cism-
1366 2213 1367 2222 ,

196 2283 279 2341 ncne
305 2263 417 2328 tubam
441 2283 583 2348 apcrqere
604 2284 727 2341 conum,
750 2284 788 2329 ac
813 2283 874 2329 nos
888 2284 998 2328 aonam
1012 2264 1131 2341 audire,
1149 2264 1212 2327 mel
1227 2283 1287 2327 eote

197 2365 295 2438 dulae,
319 2382 356 2427 ac
372 2382 431 2427 nos
446 2366 635 2427 uouentem
660 2376 794 2447 pectore.
822 2367 996 2447 Nunquam
1020 2382 1096 2428 vero
1122 2364 1286 2426 dicentem
1366 2430 1367 2455 χ

197 2462 324 2538 audies,
353 2462 532 2526 se'habere
560 2472 679 2527 sonum
706 2475 762 2527 aut
786 2465 944 2537 colorem,
968 2464 1179 2545 quiasonum
1194 2462 1287 2525 audit
1366 2458 1367 2507 ³

197 2561 385 2624 coloremve
400 2561 573 2641 perspicit;
587 2562 821 2643 neminemque
836 2561 980 2643 reperies
993 2561 1049 2643 qni
1062 2578 1207 2635 manum,
1221 2578 1286 2641 qua
1366 2572 1367 2633 ἕ

199 2659 321 2722 durum
337 2675 457 2739 corpus
472 2669 662 2735 contrectat,
679 2659 796 2723 duram
811 2660 911 2734 dicat,
925 2669 980 2724 aut
994 2676 1089 2722 nares
1101 2677 1173 2740 qnae
1184 2658 1286 2722 odore
1366 2692 1367 2743 t

199 2755 437 2837 percelluntur,
461 2755 580 2819 odoras
603 2758 694 2836 prati
746 2767 770 2821 t.
794 2755 871 2831 Quae
891 2767 999 2819 tamen
1016 2757 1198 2820 locutiones
1213 2774 1285 2820 om·
1366 2746 1367 2767 l

199 2872 258 2917 nes
272 2872 333 2917 usu
349 2864 508 2934 perpetuo
523 2855 609 2916 tritae
624 2854 697 2918 iore
749 2856 784 2919 si
802 2854 937 2918 vocibus
953 2856 994 2917 de
1009 2855 1131 2936 quibus
1145 2856 1283 2936 agimus,
1366 2850 1367 2885 ³

199 2961 338 3033 utraque
360 2951 554 3033 significatio
570 2964 602 3014 et
617 2952 778 3032 objectiva
792 2964 824 3017 et
838 2954 1018 3034 subjectiva
1033 2952 1189 3016 attributa
1204 2953 1285 3017 luia·
1366 2952 1367 2955 ’

196 3059 258 3115 aet.
282 3049 375 3123 Quod
398 3051 425 3113 si
446 3069 540 3114 voces
561 3051 633 3114 illas
654 3054 787 3115 calorem
806 3063 838 3115 et
857 3053 971 3135 frique,
995 3062 1026 3116 et
1048 3070 1211 3134 quaecum
1235 3051 1286 3114 liis
1366 3054 1367 3057 ’

195 3152 380 3239 coniugata
395 3160 482 3226 sunt,
500 3154 596 3229 etlam
612 3151 761 3232 subjecto
776 3154 930 3216 sentienti
942 3153 1159 3234 applicamus,
1178 3151 1212 3213 id
1228 3169 1286 3213 sua
1366 3174 1367 3181 ¹

198 3250 327 3313 ratione
347 3267 415 3313 non
438 3258 545 3324 vacet3
569 3267 680 3313 revera
708 3252 798 3314 enim
820 3253 911 3316 calor
931 3251 973 3313 ab
995 3269 1062 3314 nno
1084 3267 1225 3332 corpore
1245 3249 1285 3312 ad

196 3348 288 3412 aliud
305 3349 567 3412 communicatur
584 3365 591 3411 :
616 3367 719 3430 quare
735 3351 782 3414 uti
804 3353 894 3415 calor
915 3360 963 3416 est
980 3352 1014 3413 in
1031 3350 1118 3430 igne,
1136 3350 1181 3413 ita
1195 3349 1284 3412 calor

255 3516 287 3570 (l)
302 3512 408 3560 Seconde
419 3513 523 3573 lupique,
537 3513 588 3559 nrt.
599 3511 676 3559 xvtr.

255 3589 287 3642 (2)
303 3587 380 3645 lissey
391 3587 446 3634 xtl.
457 3600 477 3635 c.
489 3587 566 3635 Xlll.

254 3664 286 3718 (5)
302 3678 313 3703 a
331 3654 455 3708 litantem
466 3659 490 3707 id
500 3661 564 3721 quod
575 3659 669 3707 elatum
679 3669 717 3707 est
731 3663 763 3707 ab
773 3676 802 3709 eo
812 3664 876 3722 qnod
889 3664 1022 3710 obscurum
1033 3663 1221 3719 distinguamus,
1230 3657 1282 3704 dili·
1314 3714 1322 3729 1

196 3752 209 3779 ι
226 3733 367 3795 gentissime
377 3742 415 3779 est
427 3734 613 3785 advertendum,
623 3731 732 3779 dolorem
747 3734 844 3793 quidem
856 3744 881 3781 et
894 3735 1009 3791 colorem,
1022 3734 1150 3793 etreliqua
1164 3729 1283 3792 ejusmodi
1366 3730 1367 3779 J

196 3828 209 3852 a
225 3809 326 3865 ctarelet
336 3805 448 3853 distincte
464 3807 564 3867 percipi,
579 3817 655 3866 quum
673 3809 841 3855 tantummodo
855 3816 977 3857 utaentur
992 3811 1043 3857 siue
1058 3809 1214 3868 capitationea
1229 3816 1284 3862 ape-

196 3904 209 3929 «
226 3893 341 3932 orantur:
359 3893 435 3939 quum
450 3888 531 3928 antem
547 3893 587 3926 res
602 3879 714 3939 wadum
728 3893 783 3928 esse
800 3879 942 3940 judicantur
959 3890 1030 3929 extra
1048 3889 1154 3927 mentem
1175 3886 1282 3926 nostram

197 3978 210 4004 ‹
228 3959 370 4007 existentes,
383 3954 450 4001 nullo
460 3956 533 4013 plane
542 3953 613 4001 modo
623 3968 694 4015 posse
703 3954 805 4014 intelligi
814 3968 925 4016 quaenam
934 3969 973 4004 res
982 3957 1061 4004 sint.»
1071 3956 1214 4014 Principior.
1222 3953 1296 4003 rtrt..

190 4036 225 4085 ⁴P.
239 4035 270 4089 11,
284 4030 346 4087 568.
355 4030 393 4084 Gi.
404 4041 456 4086 quae
469 4037 616 4088 sequuntur.
