2792 4600
201 370 262 435 282
634 385 825 434 eosnotoonn

198 516 301 582 quum
317 499 436 566 divisio
450 507 557 587 partes
572 499 663 563 debit
674 517 755 583 quas
765 509 801 565 tu
814 497 969 561 minimas
981 498 1084 576 dices,
1099 507 1206 587 portes
1219 495 1291 561 illae

199 615 311 662 revera
326 599 474 661 minime
490 616 556 663 non
573 607 681 675 erunt,
697 598 756 662 scd
772 597 882 662 solum
897 595 1076 661 admodum
1092 613 1200 678 perra
1214 612 1296 677 spe·

201 683 287 762 cleto
301 706 390 762 certo
400 696 545 779 quodem
560 697 703 761 termino
716 696 986 779 comparationis,
1003 703 1035 759 et
1047 702 1134 758 certe
1145 693 1294 776 quadam

202 794 353 861 facultate
374 797 570 878 perceptiva.
593 795 657 860 Sed
674 796 702 858 si
717 795 818 859 elium
834 794 1013 859 terminum
1029 792 1292 874 comparationis

201 912 358 972 assumas,
386 896 551 978 eliamque
573 896 793 978 perceptivam
810 895 1008 970 facultatem,
1030 893 1199 974 portiones
1223 891 1294 955 illm

200 1004 299 1058 erunt
319 1012 454 1075 magnae,
472 993 662 1076 atqueodeo
678 993 839 1067 maximae,
857 1001 888 1055 et
899 991 1074 1057 commode
1091 989 1294 1054 divisibiles.

203 1094 243 1160 tlt
256 1094 302 1156 itu
317 1092 473 1175 deinceps
488 1094 522 1155 in
544 1092 724 1155 inlinitum.
748 1091 841 1156 Unde
857 1092 1018 1173 perspicis
1035 1090 1121 1153 hanc
1136 1087 1296 1172 proposi·

201 1193 327 1258 tionem
343 1209 352 1256 t
368 1193 550 1255 continuum
563 1199 607 1254 cst
619 1192 656 1254 ir
669 1191 828 1271 infinitum
844 1189 1008 1265 divisibile,
1026 1205 1208 1270 congruere
1223 1187 1316 1254 lere,

203 1307 277 1355 com
293 1290 350 1353 ille
364 1307 371 1354 :
387 1289 568 1372 mupcitudo
581 1289 681 1353 omnis
693 1289 824 1351 relativo
841 1298 900 1365 cst,·
914 1304 1012 1369 quam
1029 1286 1296 1369 propositionem

204 1404 302 1452 nemo
317 1395 423 1468 negat.

608 1585 611 1592 .
634 1551 798 1599 Anniculus
820 1551 863 1598 lv.

646 1647 857 1730 Difficultctes.

247 1779 318 1845 tol.
341 1779 511 1861 Praecipue
526 1792 716 1861 arguments
731 1778 853 1860 quihus
865 1776 1008 1842 Zenonis
1024 1784 1203 1840 sectatores
1217 1794 1299 1840 sen·

205 1879 340 1945 tentiam
368 1878 466 1943 nobis
488 1879 658 1959 promtam
682 1877 931 1958 impugnabant,
956 1876 1025 1939 hoec
1046 1882 1123 1939 sunt
1146 1893 1218 1957 quoe
1239 1893 1295 1938 se·

206 1986 366 2062 quuntur.
934 1996 937 2001 ·
1233 1981 1236 1985 “

126 2149 129 2154 ,
246 2076 308 2143 Ob.
332 2077 357 2141 l.
381 2075 415 2141 Si
437 2076 472 2138 in
488 2075 576 2139 linos
591 2081 668 2140 sunt
684 2075 809 2156 ubique
831 2084 964 2156 puncta,
990 2073 1077 2136 linea
1100 2091 1139 2136 ex
1161 2072 1300 2154 punctis
1391 2063 1392 2138 l

206 2173 429 2256 componitur.
446 2172 511 2236 Sed
527 2173 562 2236 in
574 2171 663 2235 lines
677 2172 803 2253 ubique
819 2180 939 2254 puncta
954 2180 1042 2235 suut.
1059 2171 1188 2236 Etenim
1204 2171 1300 2234 linea

206 2281 255 2339 est
267 2274 391 2356 ubique
406 2271 597 2337 divisibilis.
614 2271 739 2336 Divisio
754 2281 862 2335 eutem
878 2271 915 2335 fit
928 2273 961 2334 in
978 2281 1121 2353 puncto.

247 2374 347 2453 Resp.
362 2371 443 2435 Dist.
466 2370 542 2453 maj.
567 2370 601 2434 Si
619 2372 653 2433 in
669 2371 758 2433 linea
773 2378 849 2432 sunt
865 2370 990 2451 ubique
1005 2379 1127 2451 puncta
1142 2386 1214 2450 qum
1229 2368 1301 2431 im·

206 2470 348 2535 mediate
363 2478 542 2551 sequantur
552 2470 617 2533 ulia
629 2481 761 2551 puncta,
775 2469 863 2533 linea
874 2486 913 2533 ex
927 2469 1057 2551 punctis
1069 2467 1297 2551 componitur,

204 2587 309 2645 conc.;
326 2587 430 2647 secus,
446 2586 514 2651 asp.
530 2564 571 2631 to
583 2570 764 2632 ccntrodist.
780 2570 859 2633 niis.

247 2666 298 2731 Ad
323 2667 485 2730 rationem
504 2665 660 2742 additam,
674 2667 747 2729 dist.
764 2666 840 2748 maj.
862 2665 962 2729 Lines
977 2673 1026 2727 est
1040 2664 1167 2746 ubique
1180 2662 1297 2726 divisi·

100 2799 105 2839 ς
207 2763 298 2838 bilis,
311 2764 355 2825 ita
369 2770 477 2826 temen
493 2771 529 2825 ut
543 2762 642 2826 nullae
653 2763 720 2826 sint
736 2761 913 2844 possibiles
926 2762 1107 2825 divisiones
1122 2763 1157 2823 iu
1173 2772 1299 2841 puncto

207 2860 320 2941 aliquo
336 2858 424 2940 quod
439 2858 628 2923 immediate
643 2861 805 2923 cohaereat
820 2860 950 2936 ultimo,
964 2877 1071 2936 σωκ
1085 2874 1190 2932 secus,
1204 2874 1296 2940 stepo.

248 2957 289 3024 lit
312 2958 384 3040 dist.
410 2956 487 3020 mis.
512 2956 635 3021 Divisio
650 2956 685 3019 lit
709 2958 743 3019 in
767 2966 913 3037 puncto;
936 2974 1055 3037 nempe
1081 2956 1153 3037 ipsa
1176 2955 1298 3019 divisio

207 3056 314 3137 signat
328 3064 487 3136 punctum
504 3057 732 3118 interminum
756 3055 852 3118 binas
867 3066 975 3137 portos
991 3056 1120 3119 effectas
1135 3055 1299 3137 copulan-

208 3163 286 3231 tem,
301 3171 404 3230 cottc.,·
419 3152 455 3216 fit
470 3152 591 3216 divisio
607 3153 640 3215 in
658 3163 781 3236 punctu
796 3155 1024 3235 praeexistente
1040 3145 1074 3217 i'n
1091 3154 1190 3231 linea,
1205 3171 1296 3236 tropo.

249 3252 330 3315 Cum
348 3252 473 3332 ubique
492 3250 581 3313 linea
597 3251 700 3315 dividi
726 3252 839 3334 possit,
854 3251 1066 3316 manifestum
1082 3269 1215 3333 quoque
1234 3261 1296 3327 est,

209 3365 305 3431 posse
319 3346 446 3428 ultique
461 3347 586 3428 signari
601 3349 791 3426 terminum,
809 3352 866 3432 qui
883 3351 925 3415 sit
941 3351 1040 3413 unius
1055 3351 1157 3431 partis
1173 3350 1249 3414 linis
1263 3360 1299 3414 et

208 3444 343 3509 alterius
359 3445 492 3506 initium
509 3462 517 3509 :
530 3452 629 3526 atque
641 3447 696 3508 hic
708 3448 870 3511 terminus
884 3456 1115 3528 estpuuctum.
1128 3446 1298 3528 sicigitur
1335 3500 1342 3507 .

209 3544 244 3607 in
261 3543 347 3606 lines
363 3542 577 3608 inveniuntur
592 3555 724 3626 puncta.
741 3544 904 3610 Punctum
920 3560 1029 3609 tumen
1044 3555 1120 3628 post
1136 3555 1297 3628 puuctum

208 3642 357 3705 invenire
372 3657 437 3707 non
454 3658 641 3723 possumus,
658 3644 736 3725 quia
752 3644 839 3707 lines
853 3662 984 3725 semper
997 3653 1047 3708 est
1061 3644 1240 3708 divisibilis
1258 3644 1298 3707 in

208 3741 324 3817 lineas,
341 3758 510 3821 nunquam
526 3753 635 3805 cutem
647 3743 682 3805 in
698 3752 831 3823 puncta.

251 3836 322 3902 tot.
346 3837 407 3903 Ob.
424 3838 602 3922 ll.Gorpus
624 3840 768 3922 perfecte
787 3841 986 3922 sphericum
1009 3841 1043 3905 in
1066 3843 1166 3906 unico
1185 3841 1299 3907 solum

208 3945 330 4017 puncto
347 3937 483 4018 planum
502 3932 624 4020 tangitss
646 3939 675 4002 si
691 3956 768 4004 vero
783 3958 883 4022 super
900 3941 1038 4022 planum
1058 3948 1238 4019 moveatur,
1254 3940 1299 4004 li·

208 4049 303 4096 neam
315 4033 485 4101 describit.
497 4034 545 4100 Ex
560 4035 613 4099 his
628 4048 880 4117 argumentum:
