2792 4600
448 373 534 416 ursan
556 348 726 429 sncnnnus,
740 373 832 418 canor
853 375 882 417 v.
1154 355 1214 419 tes

171 486 406 562 Nihilominus,
423 486 545 563 subdit,
563 486 758 567 quum'bina
774 487 856 549 iacta
871 488 1045 569 conjuncta
1063 497 1214 552 constan·

132 576 180 648 ter
195 586 422 666 perspicimus,
440 604 478 648 aa
494 586 528 648 in
544 585 780 667 imaginatione
795 596 905 650 nostra
931 589 1133 650 associantur
1148 605 1166 654 ι’
1176 605 1214 650 ex

131 703 196 766 qno
211 685 246 745 iit
272 696 307 747 ut
322 704 423 765 quum
450 685 589 748 alterum
613 685 733 747 iterum
760 693 905 766 apparet,
923 686 1057 748 alterius
1082 703 1215 766 quoque

134 784 237 846 ideam
266 785 394 846 excitet.
426 784 508 846 Hinc
536 802 641 846 causae
670 783 842 847 definitio:
870 785 1018 866 objectum
1043 794 1111 866 post
1135 787 1216 865 quod

130 881 215 942 uliud
242 881 390 962 objectum
413 883 458 944 ito
483 887 687 964 consequitur,
712 893 747 945 ut
770 884 934 964 prasentia
959 884 1058 964 pritut'
1086 885 1216 949 iuducet

131 981 170 1042 od
188 981 434 1061 cogitandumde
461 982 568 1044 altaro.
587 983 661 1045 Haec
687 1001 787 1064 porro
812 983 974 1046 connexio
999 984 1151 1046 mentalis
1175 1001 1215 1046 ex

132 1078 367 1141 consuetudine
392 1089 463 1142 orta
478 1091 526 1143 est
542 1080 573 1141 id
591 1080 681 1160 quod
706 1082 927 1143 causalitatem
954 1098 1128 1144 vocamus:
1148 1083 1216 1144 ltaec

132 1177 378 1241 tentamentum
396 1177 517 1259 praebet
533 1179 698 1261 principio
715 1180 763 1243 iiii
779 1198 786 1245 :
804 1179 914 1260 futuro
927 1181 1087 1261 preteritis
1098 1182 1216 1250 similia

39 1268 41 1333 ἱ
132 1287 213 1341 tunt.

39 1366 40 1391 ³
171 1377 364 1455 Huiusmodi
390 1388 438 1440 est
454 1377 564 1441 Humii
581 1377 753 1442 doctrina:
771 1379 852 1460 quid
868 1388 976 1442 autem
992 1399 1031 1442 ex
1046 1398 1082 1442 ea
1098 1397 1214 1460 sequa-

39 1468 40 1489 ³
133 1483 182 1537 tur
203 1492 303 1538 nemo
326 1493 392 1537 uon
414 1476 512 1537 videt.
541 1475 655 1540 Oleum
678 1488 710 1539 et
732 1495 867 1557 operam
890 1479 997 1558 perdit
1026 1479 1216 1559 quicunque

132 1574 236 1636 studet
252 1593 363 1637 rerum
379 1593 576 1654 cognoscere
591 1589 704 1638 causas
714 1595 722 1638 :
732 1576 869 1637 scientia
884 1577 1215 1658 omuisimpossibilis

39 1676 40 1703 ³
134 1683 197 1736 est:
215 1675 285 1737 imo
301 1675 519 1756 impossibilis
535 1692 667 1756 quoque
683 1686 730 1738 est
746 1675 913 1738 rationalis
925 1675 1088 1738 certitudo
1104 1677 1144 1739 tle
1158 1694 1216 1738 en-

135 1773 222 1840 tium.
238 1793 313 1853 quae
339 1786 427 1837 extra
451 1793 512 1838 nos
536 1785 623 1850 sunt,
641 1775 810 1837 realitate:
829 1792 895 1837 non
920 1776 1009 1837 enim
1036 1773 1130 1837 aliter
1148 1776 1216 1839 haec
1275 1794 1279 1797 ·

39 1856 40 1893 ³
134 1873 352 1949 cognoscitur,
371 1891 468 1953 quam
484 1893 522 1935 ex
544 1873 725 1935 effectibus.
743 1874 898 1952 Superest
912 1872 1009 1935 nobis
1025 1871 1131 1935 solum
1148 1892 1217 1936 cer·

135 1970 235 2032 titudo
249 1971 290 2032 de
306 1971 528 2034 sensationum
542 1972 760 2047 successione,
770 1981 800 2034 et
812 1970 856 2033 'de
868 1970 1017 2034 idearum
1029 1980 1216 2035 nostrarum

136 2068 314 2133 existentia.
943 2132 947 2143 .

172 2169 244 2255 275.
275 2158 454 2234 Pnorosnro
481 2171 518 2233 V.
550 2168 759 2232 certissimum
783 2176 826 2231 ast
852 2169 966 2230 tanos
994 2187 1092 2231 coutoe
1118 2170 1217 2232 ideam

134 2266 247 2341 tulere,
271 2268 339 2331 licet
359 2287 423 2332 nou
444 2287 659 2350 cognoscemus
686 2269 724 2331 iu
744 2287 803 2350 quo
824 2268 990 2362 causalitua
1011 2270 1073 2331 tiva
1094 2270 1216 2331 lutuno

133 2368 192 2429 siue
206 2378 336 2430 caterua
349 2370 411 2431 situ
425 2370 486 2430 tit:
502 2368 533 2430 20
546 2387 646 2431 cuusoe
659 2370 760 2431 ideam
774 2368 968 2449 experientia
981 2387 1035 2448 ope
1049 2367 1214 2450 efformari.

173 2466 313 2530 Humius
340 2478 405 2531 tres
434 2469 631 2550 quaestiones
656 2468 794 2532 omnino
821 2469 1008 2544 distinctas,
1033 2463 1106 2549 quae
1131 2468 1218 2530 circa

134 2583 235 2628 causae
252 2566 421 2629 notionem
434 2584 606 2629 occurrere
618 2575 766 2646 possunt,
781 2576 902 2630 temere
916 2566 1118 2647 permiscuit.
1129 2567 1158 2627 1⁸
1170 2581 1218 2631 est

136 2674 243 2728 utrum
261 2666 303 2728 sit
329 2666 362 2727 in
380 2677 488 2728 mente
515 2676 625 2729 nostra
642 2684 746 2729 causoe
772 2677 972 2746 conceptus:
990 2668 1020 2730 Ψ
1035 2678 1145 2730 utrum
1162 2685 1217 2731 co·

135 2784 328 2846 gnoscamus
355 2766 388 2827 io
404 2784 470 2845 quo
496 2765 668 2832 causalitas
682 2766 749 2828 sive
772 2765 900 2828 interna
916 2767 983 2828 sive
1012 2754 1142 2829 externa
1158 2768 1219 2830 sita

137 2865 196 2930 sit:
213 2867 245 2928 5³
269 2865 357 2928 unde
372 2864 535 2945 originem
552 2864 669 2927 babeat
683 2882 789 2927 causae
804 2865 908 2928 notio.
1067 2928 1071 2936 ,

174 2965 245 3026 lam
261 2967 367 3046 prima
384 2961 521 3046 questio
544 2964 669 3028 nullam
686 2982 820 3046 prorsus
846 2964 1085 3027 dubitationem
1102 2965 1219 3028 admit·
1245 3047 1249 3050 ,

139 3065 175 3128 tit
188 3082 195 3129 :
210 3065 360 3146 adeoque
388 3066 516 3128 etiamsi
537 3066 631 3147 erigo
648 3066 747 3145 hujus
773 3065 854 3127 ideae
870 3064 966 3126 nobis
982 3073 1066 3126 esset
1093 3064 1219 3128 incom-

140 3175 239 3243 perta,
254 3164 326 3243 cjus
341 3172 448 3225 tamen
464 3163 635 3226 existentia
651 3163 799 3243 neganda
815 3180 881 3224 non
898 3161 992 3225 toret.
1011 3160 1132 3224 Revera
1197 3185 1199 3189 ·

180 3262 431 3327 lt‘Conscientia
448 3264 532 3325 banc
547 3263 654 3325 ideam
680 3262 803 3343 reperit
819 3262 851 3323 in
868 3270 976 3322 mente
989 3260 1219 3338 clarissimam,

142 3373 170 3424 et
181 3364 272 3425 valde
284 3363 444 3425 diversam
459 3364 500 3424 ab
516 3382 552 3425 ea
567 3381 665 3443 quant
681 3362 819 3426 Humius
832 3359 1001 3423 describit.
1015 3359 1120 3423 Probe
1132 3365 1221 3424 enim

142 3461 372 3541 distinguimus
388 3462 628 3537 successionem
645 3480 662 3521 a
678 3460 877 3523 causalitate.
1001 3524 1006 3533 ,

179 3563 213 3624 2⁰
227 3551 519 3625 Gausaenotionent'
529 3560 759 3640 exprimuntin
769 3559 1073 3639 omniumgentium
1086 3558 1220 3638 linguis,

143 3661 236 3722 verba
261 3678 334 3740 quae
358 3660 461 3721 activa
483 3658 642 3736 dicimus;
672 3668 708 3721 ut
727 3658 821 3740 socio,
839 3677 952 3733 mooeo,
975 3660 1075 3735 trube,
1091 3656 1168 3738 ferio
1191 3670 1223 3723 et

144 3761 203 3822 alia
221 3760 360 3823 infinita.
1229 3755 1232 3761 '

182 3861 215 3922 3⁰
228 3858 384 3923 Eandem
399 3857 569 3922 continent
584 3858 833 3937 coniunctiones
849 3856 977 3929 multae;
995 3864 1030 3917 ut
1053 3873 1136 3937 ergo,
1153 3875 1220 3932 cur,

39 3997 40 4038 t
142 3969 273 4039 propter,
290 3958 363 4039 quio
375 3969 405 4019 et
418 3956 555 4019 similes.

39 4059 40 4062 ’
184 4060 255 4123 tlt.
272 4056 382 4129 Quoad
401 4056 615 4137 quaestionetn
631 4055 778 4128 alteram,
790 4051 969 4115 notandum
986 4049 1020 4111 in
1038 4054 1221 4131 primiscst,
