2792 4600
472 431 558 477 uram
580 431 725 491 odierna,
747 430 839 478 carun
861 432 896 478 n.
1144 385 1234 480 3415

185 546 402 629 Adamdeqo.
957 624 961 632 .

184 645 232 708 Ad
248 645 289 707 5¹¹²
313 646 390 711 Dirt.
416 654 483 711 oct.
514 646 596 732 Quia
626 656 742 710 natura
772 647 857 709 vires
879 658 910 709 et
929 645 1108 729 potentiam
1129 663 1147 709 a
1167 639 1233 709 Deo

143 754 288 808 creatore
303 749 441 828 accepit,
457 764 558 822 coac.,·
584 763 641 827 per
664 746 881 822 identitatem,
897 764 986 827 nepo,
1002 755 1034 809 et
1046 765 1123 829 nepo
1148 765 1231 810 cona.

142 852 316 925 utrumque,
334 846 425 923 cuiue
442 844 625 923 negationis
641 846 725 907 ratio
742 842 912 906 manifesta
924 854 983 909 eat.

183 942 254 1006 459.
273 942 333 1007 Ob.
351 940 391 1006 ΙΙ.
408 944 529 1005 saitem
546 945 642 1024 piane
658 944 805 1018 dedecet,
821 947 922 1016 Deum
936 945 1021 1022 leges
1037 961 1101 1005 ase
1113 944 1234 1005 consti·

140 1049 226 1102 tutas
242 1048 368 1103 mutare
382 1058 420 1102 ac
435 1041 566 1106 violare.
582 1042 650 1104 Hoc
666 1041 755 1103 enim
772 1042 984 1104 ostenderet:

182 1139 214 1200 4ο
230 1141 331 1201 iteum
348 1139 382 1201 in
397 1140 468 1202 suis
483 1140 624 1202 decretis
639 1140 834 1202 mutabilem
851 1158 921 1202 essa
941 1157 948 1203 :

178 1239 213 1302 2⁰
226 1238 338 1320 Neque
352 1240 430 1301 satis
445 1239 486 1301 ab
502 1239 598 1301 initio
614 1242 726 1301 omnia
743 1240 931 1319 praevidisse
947 1257 954 1302 :

104 1328 108 1335 ’
181 1336 214 1399 3⁰
229 1338 373 1418 Eiusque
386 1338 473 1419 leges
486 1337 718 1400 emendatione
730 1355 835 1418 egero,
848 1336 924 1400 acsi
942 1336 1177 1399 insufficientes
1192 1335 1232 1400 ad

39 1475 40 1508 ,
142 1433 242 1495 tinem
258 1446 365 1497 essent
381 1444 412 1497 et
428 1434 639 1517 imperfecte.
747 1468 750 1476 ,

182 1532 257 1595 flaec
273 1551 349 1597 vero
360 1534 472 1598 omnia
490 1534 555 1597 Deo
568 1533 705 1613 indigna
718 1543 807 1597 suut.
825 1532 922 1613 Ergo.

180 1630 253 1697 460.
271 1632 369 1713 Resp.
387 1633 553 1714 inprimis
574 1633 729 1715 nouando,
747 1634 847 1698 Deum
869 1651 972 1712 quum
1002 1632 1161 1697 miracuta
1178 1651 1233 1714 pa·

39 1731 40 1744 ¹
139 1741 215 1805 trat,
240 1731 329 1812 leges
345 1749 362 1793 a
377 1750 411 1794 se
433 1740 567 1794 statutas
587 1739 708 1794 mutare
731 1749 769 1793 ac
782 1730 910 1795 uictore.
935 1730 1005 1794 Nou
1020 1733 1109 1794 enim
1130 1743 1232 1806 mutat

141 1831 240 1909 teges,
263 1831 319 1892 sed
347 1831 389 1891 iis
404 1832 549 1911 derogat,
568 1831 616 1891 vel
634 1829 743 1909 potius
774 1830 850 1891 iacit
882 1830 952 1911 ipse
969 1847 1027 1911 per
1041 1847 1075 1892 ce
1090 1831 1230 1911 aliquid,

139 1931 231 2009 quod
244 1947 302 2010 per
317 1941 440 1993 nature
454 1931 539 2010 leges
556 1930 624 1993 fieri
644 1947 708 1991 non
724 1937 840 2009 potest.
858 1931 959 1992 Multo
972 1929 1082 1992 minus
1098 1948 1151 1992 eas
1164 1929 1233 1993 vio·

111 2037 123 2044 ‘
140 2028 186 2090 iat
203 2048 211 2093 :
229 2029 287 2092 ille
301 2030 391 2092 euim
404 2030 494 2093 solus
520 2032 624 2111 tegern
644 2030 768 2093 violare
783 2029 917 2110 proprie
933 2028 1067 2107 dicitur,
1084 2031 1141 2109 qui
1157 2028 1235 2091 sub·

140 2126 231 2191 ditus
247 2146 322 2190 cum
338 2129 381 2192 ait
397 2128 472 2208 legi,
491 2145 556 2192 uon
572 2128 637 2208 agit
650 2128 741 2209 juxta
756 2128 826 2206 ejus
841 2126 1081 2208 prescriptum.

131 2215 149 2281 Ϊ
182 2227 232 2288 Ad
256 2228 296 2290 1⁰¹
320 2226 398 2307 Nep.
416 2227 501 2290 Deus
523 2229 612 2289 enim
629 2227 669 2288 ab
685 2234 807 2289 aeterno
824 2237 855 2287 et
867 2225 965 2288 rebus
982 2226 1065 2305 teges
1082 2226 1231 2307 praescri·
1322 2282 1325 2287 .

140 2326 217 2405 psit,
235 2335 266 2388 et
287 2326 348 2388 sibi
377 2327 527 2406 quedam
556 2338 673 2406 praeter
702 2325 861 2405 bastagas
887 2313 1011 2405 agenda
1037 2325 1231 2402 reservavit;

40 2468 42 2509 ᾗ
142 2404 412 2505 utru’mquejuxta
426 2441 494 2487 suae
507 2424 724 2505 providentiae
736 2424 899 2486 ordinem.
912 2423 1139 2504 Operemutat,
1153 2441 1232 2486 con·

40 2536 41 2549 ¹
141 2522 258 2585 sitium
276 2541 341 2586 non
360 2533 474 2586 mutat.

182 2622 356 2702 Hincneoo
372 2623 424 2686 2¹¹¹.

181 2720 243 2783 Ad.
260 2720 301 2782 3¹¹¹
312 2721 396 2801 Ncpo
409 2720 595 2801 legesalieo
609 2720 867 2801 constitutasper
877 2719 1036 2783 miracula
1050 2720 1230 2785 emendari.

104 2854 106 2859 >
139 2816 212 2891 Non
228 2820 317 2881 enim
334 2822 418 2883 Deus
431 2837 489 2899 per
504 2819 661 2882 miracuta
684 2818 836 2900 physicas
859 2817 945 2898 leges
967 2816 1131 2891 emendat,
1156 2837 1231 2880 cum

140 2914 214 2979 iiius
236 2935 303 2981 nou
333 2928 446 2994 mutet,
475 2930 509 2980 ut
545 2918 646 2982 modo
669 2918 794 2991 dictum
817 2927 877 2993 est,
908 2917 964 2980 sed
987 2917 1171 2998 suspendit,
1202 2928 1234 2983 et

139 3017 268 3080 actione
283 3033 342 3078 sua
357 3017 642 3099 praetergreditur:
652 3017 686 3078 in
700 3012 766 3098 quo
779 3016 909 3080 nullum
925 3025 972 3078 est
984 3016 1231 3082 inconveniens.

141 3118 223 3181 Cum
239 3115 329 3177 enim
342 3117 428 3196 leges
444 3117 587 3197 physice
599 3134 714 3179 omnes
726 3116 941 3196 providentie
957 3116 1067 3178 ordini
1082 3102 1266 3189 subordi·‚·

141 3224 262 3276 nentur
277 3212 359 3292 (446,
377 3216 432 3291 1⁰),
450 3214 492 3279 iis
508 3213 611 3277 utitur
626 3213 724 3290 Deus,
741 3213 790 3276 vel
815 3231 881 3276 non
898 3214 1013 3291 utittrr,
1031 3213 1140 3295 prouti
1156 3202 1231 3296 pro·

139 3312 291 3374 videntiae
307 3313 389 3374 ordo
411 3313 566 3392 postulat.
854 3301 859 3307 ⁴

43 3400 44 3413 ³
182 3410 267 3473 Hinc
280 3411 350 3473 diat.
368 3409 456 3490 quod
469 3410 600 3473 additur
617 3428 624 3473 :
642 3411 729 3489 leges
745 3427 803 3490 per
816 3409 973 3473 miracula
987 3411 1116 3474 ostendi
1131 3412 1233 3495 insui
1299 3470 1301 3475 .

142 3509 290 3572 ficientes
301 3512 340 3570 ad
356 3508 455 3573 finem
470 3520 502 3570 et
517 3508 737 3589 imperfectas.
754 3506 877 3587 Nempe
893 3510 1112 3572 ostenduntur
1128 3508 1232 3572 insui-

44 3694 45 3697 *
142 3604 1233 3681 ficientesadfinemnonauummonauteminsufficientesadfinem

141 3726 250 3783 auum,
268 3707 326 3787 qui
342 3717 391 3768 est
405 3716 440 3769 ut
453 3714 577 3793 naturae
591 3706 675 3770 ordo
691 3715 837 3768 servetur
852 3706 948 3785 (447).

182 3808 266 3870 Sunt
281 3823 357 3868 vero
380 3804 590 3885 imperfecta,
609 3818 770 3886 quatenus
788 3807 872 3866 vires
885 3818 1012 3869 naturae
1027 3804 1127 3868 finitae
1143 3798 1230 3882 sunt,
1276 3833 1278 3837 ¹

142 3923 202 3970 nec
217 3903 329 3969 omnia
341 3914 496 3985 possunt,
513 3905 607 3967 nullo
621 3913 730 3966 autem
746 3900 838 3984 pacto
852 3900 1050 3985 imperfecte
1066 3904 1099 3967 iu
1116 3894 1232 3968 ordin'e

143 4004 183 4067 ad
206 4004 317 4079 tinem,
334 4020 433 4084 quem
449 4021 508 4083 per
520 4003 594 4064 ilias
610 4003 694 4065 Deus
711 4002 864 4066 intendit.

175 4100 614 4185 tiit.0b.ltl.Legoauaturae
623 4102 870 4183 derogationem
879 4100 946 4184 pati
958 4099 1230 4183 nequeuntiiam

788 4224 793 4234 ·
1041 4201 1081 4240 ¹8.
