2792 4600
464 363 552 409 tisun
573 361 696 421 rursus,
719 361 813 408 curus
834 363 868 410 11.
1153 345 1219 411 229

120 478 212 561 quod
227 478 338 543 album
352 479 473 556 existit,
487 478 613 561 aliquid
629 497 763 560 quoque
776 478 865 559 quod
877 478 1009 560 nigrum
1021 478 1064 542 sit
1080 480 1218 545 existere

123 579 301 659 oportere?

166 680 198 743 2⁰
210 676 404 760 Quanquam
416 696 468 741 res
480 678 594 741 eadem
606 678 821 760 conceptibus
833 679 995 761 oppositis
1009 681 1045 742 io
1066 681 1218 744 obstructo

124 776 329 840 considerari
350 778 464 858 possit,
482 777 761 858 quemadmodum
777 797 806 841 v.
824 795 873 858 pr.
898 779 933 840 iu
948 779 1064 842 eodem
1081 780 1217 843 bomine

122 876 329 937 considerari
347 886 499 957 potestat
514 874 726 938 individuum
745 876 1012 951 determinatum,
1030 887 1061 939 et
1076 879 1216 941 essentia

126 973 399 1050 indeterminata3
417 983 524 1035 tamen
541 990 649 1053 neque
675 973 753 1035 irinc
779 974 939 1053 sequitur,
956 982 987 1035 et
1002 974 1139 1037 omniuo
1156 976 1218 1037 fal·

125 1089 200 1134 sum
215 1082 274 1147 est,
292 1091 360 1134 rem
377 1089 477 1135 unam
493 1071 708 1152 eamdemque
724 1090 761 1134 es
777 1072 908 1135 duobus
923 1071 1083 1153 objectiva
1095 1091 1132 1136 ac
1148 1093 1218 1137 rea·

121 1169 200 1232 liter
212 1171 376 1251 oppositis
391 1179 541 1233 constare
556 1168 687 1232 debere.

168 1269 202 1329 ὅθ
223 1267 424 1331 Nominatim
440 1267 558 1330 salsum
581 1276 629 1329 est
656 1267 762 1331 illud:
781 1267 845 1330 vim
876 1268 1072 1348 repulsivam
1100 1287 1138 1329 ex
1164 1271 1215 1331 sui

127 1379 243 1430 natura
269 1368 336 1430 vim
360 1366 561 1430 attractivam
590 1384 790 1446 supponere,
815 1374 847 1429 et
867 1367 1023 1429 vicissim.
1041 1367 1108 1431 Etsi
1126 1370 1215 1429 enim

125 1483 240 1527 verum
263 1466 318 1542 sit,
336 1466 371 1527 iu
385 1465 491 1544 spatio
505 1480 607 1526 vacuo
622 1465 781 1525 actualem
798 1464 1021 1542 repulsionem
1038 1466 1123 1527 exeri
1142 1467 1218 1528 nul·

127 1563 194 1624 lam
211 1580 317 1643 posse,
335 1563 412 1643 quia
427 1561 513 1624 nibil
530 1561 564 1623 in
581 1578 620 1624 eo
641 1571 687 1622 est
715 1562 803 1642 quod
818 1561 1007 1641 repellatur,
1026 1580 1092 1625 non
1109 1572 1218 1627 tamen

128 1662 207 1725 inde
236 1664 385 1743 sequitur
412 1661 535 1725 nullam
563 1662 598 1723 in
618 1661 725 1742 spatio
740 1677 840 1722 vacuo
855 1661 920 1724 rim
935 1662 1131 1740 repulsivam
1147 1681 1219 1725 esse

126 1751 235 1842 posse.
259 1760 406 1842 Itemque
428 1761 462 1824 in
487 1774 608 1842 puncto
630 1759 862 1823 mathematico
894 1760 985 1821 nulla
1019 1772 1217 1840 potestesse

124 1863 292 1939 attracti03
309 1861 457 1924 attractio
473 1860 562 1923 enim
577 1861 720 1939 spatium
736 1858 877 1939 requirit
890 1876 900 1930 ;
912 1858 970 1921 sad
986 1858 1065 1921 bino
1079 1861 1216 1922 conclu-

128 1961 208 2021 dere
222 1977 290 2022 non
307 1958 394 2035 licet,
412 1958 476 2021 nisi
493 1956 627 2020 aliunde
644 1957 813 2037 probetur,
831 1956 865 2017 in
881 1966 1003 2037 puncto
1028 1956 1092 2017 vim
1120 1966 1219 2020 attra-

125 2062 246 2123 ctivam
264 2076 333 2143 esse
363 2075 429 2121 non
458 2075 564 2138 posse.
590 2056 702 2136 ltaque
732 2074 769 2118 ex
796 2073 835 2119 eo
851 2055 939 2136 quod
958 2056 991 2116 in
1008 2072 1110 2119 vacuo
1126 2057 1217 2119 nulla

130 2158 234 2238 possit
256 2139 327 2220 lieri
343 2156 503 2237 repulsio,
520 2165 551 2218 et
567 2158 598 2218 in
617 2163 739 2235 puncto
756 2154 848 2217 nulla
862 2155 1023 2228 attractio,
1039 2154 1101 2216 boc
1114 2172 1218 2217 uuum

127 2256 328 2320 concludere
353 2254 477 2331 licebit,
502 2254 590 2335 quod
614 2252 838 2317 conclusimus
860 2261 973 2316 contra
997 2251 1162 2328 llantium,
1186 2263 1220 2315 et

128 2366 244 2420 contra
267 2353 460 2435 flegelianos
484 2353 602 2415 iterum
625 2351 891 2414 concludendum
914 2361 974 2426 est,
996 2350 1147 2412 videlicet
1171 2361 1220 2412 at·

128 2456 323 2518 tractionem
346 2463 377 2517 et
398 2452 621 2533 repulsionem
645 2451 772 2514 nullam
795 2447 876 2526 esse,
901 2450 965 2511 nisi
989 2461 1221 2530 supponantur

125 2558 195 2635 jam
217 2571 356 2634 corpora
378 2570 451 2632 quae
473 2551 677 2613 attrahantur
698 2568 737 2612 ac
759 2550 980 2630 repellantur;
998 2566 1063 2611 non
1086 2549 1219 2612 veroin

129 2653 321 2718 tacuerim
350 2652 559 2733 repulsivam,
584 2658 617 2713 et
637 2650 672 2711 iu
696 2657 817 2729 puncto
840 2647 906 2709 vim
927 2648 1127 2711 attractivam
1151 2665 1219 2711 non

129 2772 225 2835 posse
248 2751 441 2833 persistere3
457 2746 628 2829 multoque
653 2747 765 2809 minus
787 2763 885 2809 uuam
908 2745 974 2807 rim
989 2746 1123 2807 alteram
1139 2765 1219 2826 sup·

79 2862 85 2871 ⁴
128 2869 264 2937 ponere.

562 3008 727 3057 ratramus
751 3008 792 3053 ιν.

423 3127 611 3192 Atomitmut
625 3133 758 3187 ueterum
773 3120 922 3203 rejicitur.

171 3249 224 3312 59.
248 3250 429 3311 Prorosrrto
444 3245 481 3307 V.
499 3241 559 3305 Nec
569 3244 604 3303 itt
618 3243 683 3302 tolo
697 3239 871 3302 extensione
882 3239 1063 3318 prometrt'cu
1085 3240 1221 3319 corporis

127 3349 257 3411 essentia
281 3345 341 3407 ritu
368 3351 419 3417 est,
446 3359 501 3403 nec
514 3360 535 3401 o
548 3339 613 3401 solo
638 3347 810 3411 atomorum
835 3344 921 3397 motu
946 3336 1038 3397 loculi
1054 3354 1220 3416 corporum

129 3447 308 3511 conutitutio
320 3442 416 3524 repeti
425 3449 535 3523 potest.

172 3546 244 3608 Nou
267 3558 436 3606 moramur
467 3538 579 3603 omnia
610 3535 772 3610 refellere,
797 3552 870 3616 quoe
891 3533 960 3596 sive
983 3534 1018 3597 iu
1039 3552 1221 3615 gracorum

130 3647 369 3714 atomistarum,
393 3640 461 3703 sive
483 3639 518 3701 in
540 3654 655 3701 eorum
678 3636 735 3716 qui
751 3632 931 3698 Cartesium
955 3633 1105 3714 proxime
1117 3637 1219 3696 secuti

129 3757 220 3817 sunt,
249 3736 478 3820 systematibus
509 3732 682 3798 arbitraria
716 3749 754 3794 ac
784 3729 864 3792 falsa
886 3730 1121 3810 reperiuntur;
1145 3749 1222 3795 cum

130 3859 230 3907 nemo
249 3840 317 3921 jam
340 3837 381 3899 sit
403 3835 461 3916 qui
485 3833 541 3895 illa
562 3828 692 3895 tueatur
714 3839 769 3893 aut
791 3836 894 3894 curet.
917 3829 992 3893 Haec
1013 3828 1081 3893 duo
1096 3841 1221 3892 tantum

131 3952 246 4005 notare
270 3937 385 4018 placet,
413 3931 492 4015 quia
523 3931 563 3992 ad
597 3936 791 4011 praesentem
828 3926 1044 4008 questionem
1083 3928 1224 4010 propius

130 4044 291 4122 spectant.
