2792 4600
441 365 527 409 insu
548 364 668 421 smum,
691 364 783 409 onnus
805 364 844 409 ιε.
1083 369 1087 375 ·
1157 349 1198 411 l'l

151 476 205 539 dt.
229 477 388 541 lndivisio
403 479 489 541 entis
511 480 594 541 inse
614 478 772 539 unitatem
802 478 971 541 constitnit
987 480 1198 541 transcenden-

110 574 213 649 lolem,
226 594 300 655 quae
315 587 347 638 et
363 595 495 639 omnem
511 577 646 639 unitatis
661 577 822 640 rationem
838 576 900 641 sub
912 594 946 639 se
958 578 1200 658 complectitur,

111 681 144 736 et
158 674 250 737 omni
280 692 414 754 prorsus
429 675 495 737 enti
512 676 664 740 convenit
680 693 688 739 :
706 694 779 756 quae
808 685 915 738 tamen
938 676 1085 741 diversos
1102 677 1199 740 hahet

111 772 243 850 gradus,
262 774 370 851 prouti
388 774 490 853 magis
510 774 656 837 minusve
670 791 729 837 ens
745 773 971 836 divisionemn
986 792 1021 835 se
1036 783 1135 863 arcet.

155 870 188 932 1⁰
202 870 314 933 Unitns
326 869 563 951 perfectissime
577 888 614 932 εε
627 877 674 932 est
686 888 785 952 quem
801 869 915 933 dicunt
926 871 1198 946 indivisibilitatis,

113 984 177 1046 qua
197 968 322 1029 unitate
342 986 379 1029 ea
407 968 653 1047 distinguuntur
681 969 782 1044 entia,
801 987 873 1048 qoae
904 986 970 1031 non
1002 969 1101 1031 modo
1125 980 1199 1030 actu

113 1065 217 1127 divisa
244 1067 486 1141 nonsnnt,sed
518 1084 578 1128 nec
593 1066 695 1128 dividi
729 1067 763 1129 in
787 1067 896 1147 plnres
928 1076 1033 1147 partes
1050 1077 1197 1147 possunt.

112 1163 308 1243 Huiusmodi
323 1175 398 1228 suut
413 1165 500 1229 eutis
515 1166 691 1245 simplicia,
707 1177 742 1229 ut
757 1176 804 1229 est
817 1167 935 1229 animae
953 1168 1102 1229 humanae
1121 1167 1198 1228 snb·

114 1264 244 1338 stantia,
266 1273 356 1326 actus
380 1265 456 1327 item
481 1264 678 1340 affirmandi,
696 1265 837 1344 eligendi
865 1276 896 1327 et
918 1266 1054 1330 similes.
1082 1267 1118 1330 ln
1140 1267 1201 1327 hos

117 1379 218 1440 porro
231 1371 321 1424 octus
333 1363 411 1425 dum
430 1363 640 1437 reflectimus,
657 1365 790 1427 unitatis
803 1365 900 1442 huius
913 1357 1081 1427 notionem
1095 1364 1200 1444 adipi·

116 1463 254 1524 scimur.

156 1561 187 1623 2⁰
202 1562 313 1624 Unitss
333 1563 412 1624 hnic
426 1562 571 1625 succedit
590 1562 831 1641 compositionis,
849 1581 921 1642 qnae
942 1563 1053 1642 prodit
1068 1582 1106 1625 ex
1121 1580 1201 1625 con·

111 1661 449 1741 junctioneplurium,
460 1679 533 1741 qnoe
545 1661 582 1722 ed
597 1678 701 1723 unum
710 1663 926 1742 compositum
936 1661 1203 1725 constituendum

115 1769 231 1822 natura
248 1760 318 1840 ipso
333 1760 541 1823 ordinantur.
559 1760 648 1823 Telis
664 1770 742 1823 sunt
755 1780 783 1823 v.
802 1778 850 1840 gr.
867 1778 1006 1840 corpora
1022 1761 1146 1823 omnia.

157 1859 191 1919 5⁰
206 1858 358 1921 Proxima
369 1870 417 1920 est
432 1859 540 1921 unitas
555 1859 742 1939 artificialis,
760 1876 797 1921 ex
812 1859 852 1920 iis
867 1866 1019 1921 constans
1035 1877 1108 1939 quae
1123 1859 1202 1938 phy·

117 1958 184 2019 sice
200 1958 285 2018 inter
298 1975 334 2017 se
349 1974 414 2020 non
431 1957 642 2035 copulantur,
656 1975 717 2018 nec
732 1956 772 2017 nd
785 1956 881 2019 telem
894 1957 1078 2021 unitionem
1091 1967 1205 2018 natura

118 2055 325 2132 ordinantur,
342 2056 463 2118 habent
478 2065 584 2117 tamen
598 2055 752 2119 ordinem
765 2056 910 2136 aliquem
923 2074 1108 2137 nexumque
1120 2055 1205 2118 inter

118 2171 162 2215 se.
181 2153 376 2234 Huiusmodi
393 2154 502 2215 unitos
516 2165 563 2216 est
584 2173 613 2216 v.
631 2171 680 2233 gr.
703 2154 737 2214 in
754 2153 865 2226 domo,
882 2155 1086 2229 vestimento,
1105 2155 1205 2218 horo·

113 2250 207 2331 logio
223 2261 254 2314 et
269 2252 303 2314 in
319 2262 387 2315 toto
404 2251 519 2315 morali
535 2252 581 2331 (t.
602 2250 684 2330 109).

159 2352 193 2414 4⁰
215 2354 329 2417 Unites
346 2353 458 2415 infima
473 2365 521 2416 est
536 2372 609 2434 quae
624 2352 748 2415 dicitnr
762 2354 1001 2432 apprepctiouis,
1019 2369 1091 2432 quae
1107 2351 1207 2414 habc-

119 2461 173 2514 tor
185 2470 288 2532 quum
305 2453 399 2533 plora
415 2455 514 2527 entia,
529 2453 619 2513 nulla
636 2452 770 2532 physica
786 2449 937 2513 unitione
950 2450 1108 2530 nulloque
1120 2450 1206 2511 inter

119 2568 153 2613 se
169 2551 286 2614 ordine
298 2552 483 2631 coniuncta,
497 2550 707 2614 solummodo
725 2549 876 2628 contigue
892 2557 981 2623 sunt,
994 2550 1070 2629 qnia
1085 2556 1207 2611 temere

121 2658 285 2729 congesta.
303 2650 358 2712 Sic
373 2668 459 2712 unus
474 2659 522 2711 est
537 2650 684 2729 lapidum
701 2666 845 2710 acervus.

160 2748 213 2812 96.
232 2748 345 2812 Unims
358 2767 456 2828 porro
470 2747 746 2809 indivisibilitstis
758 2756 856 2825 atque
867 2747 1118 2827 compositionis
1131 2746 1208 2809 lacit

121 2862 290 2908 ensunum
298 2865 405 2926 perser
418 2848 526 2909 unitas
539 2864 615 2909 vcro
626 2845 1207 2924 artificialisetaggregationisunum

116 2960 176 3024 per
195 2945 347 3006 accidens.
364 2944 472 3008 Unum
494 2962 602 3024 perse
618 2944 807 3005 diciturem
824 2943 1013 3022 simpliciter,
1031 2961 1134 3006 unum
1149 2961 1208 3022 per

121 3041 274 3103 accidens
289 3060 341 3103 ene
369 3044 533 3110 secundum
547 3042 640 3122 quid3
658 3041 761 3119 magis
777 3040 866 3102 enim
888 3050 936 3101 est
950 3040 1076 3102 entium
1093 3041 1207 3103 multi·

119 3138 213 3213 tudo,
230 3158 329 3220 quam
345 3158 415 3204 ens.

162 3239 215 3301 97.
241 3239 315 3301 llaec
335 3237 517 3313 sufficiunt,
543 3247 578 3301 ut
600 3236 818 3300 demonstrari
848 3237 952 3317 possit
972 3238 1210 3318 unumquodque

121 3353 175 3396 cns
188 3355 249 3396 esre
263 3354 374 3398 unum.
390 3336 471 3397 Nam
494 3336 756 3417 unumquodque
772 3353 829 3398 ens
845 3334 894 3398 vel
922 3344 969 3397 εει
994 3335 1134 3415 simplex
1159 3338 1208 3398 vel

122 3434 356 3514 compositum.
383 3433 415 3495 Si
443 3443 490 3495 est
510 3434 661 3513 simplex,
680 3451 746 3496 non
768 3433 868 3497 modo
893 3442 941 3495 est
957 3432 1135 3496 indivisum
1151 3434 1206 3495 sed

122 3535 218 3593 etism
236 3532 440 3593 indivisibile
455 3532 518 3609 tot,
540 3533 593 3610 1⁰).
611 3533 644 3595 Si
666 3542 715 3594 εει
743 3532 975 3613 compositum,
992 3535 1054 3595 hoo
1069 3533 1142 3613 ipso
1158 3533 1209 3594 in·

122 3629 264 3691 divisum
282 3640 346 3705 est;
363 3629 390 3691 si
406 3631 496 3692 enim
509 3631 551 3692 sit
563 3630 718 3709 divisum,
731 3648 798 3693 non
812 3631 874 3693 erit
887 3630 1029 3710 amplius
1042 3630 1207 3711 composi·

122 3734 204 3801 tom,
219 3743 287 3789 non
303 3727 365 3791 erit
376 3727 517 3808 emplius
529 3745 587 3790 ens
603 3727 798 3803 ullomodo,
814 3728 872 3791 sed
888 3729 987 3790 entia.
