2792 4600
425 272 512 317 traua
534 273 694 332 securium,
719 274 810 320 earm
832 274 876 320 111.
906 259 910 263 ’
1144 258 1216 323 tot*

127 386 1205 470 tumvereestreale,quumsubjectumadterminumaliquomodo

128 485 263 548 ordinat.

163 583 232 647 ala.
249 583 282 646 Si
307 602 371 664 qua
385 602 423 646 ex
441 584 493 646 his
506 584 755 647 conditionibus
771 585 867 660 desit,
890 586 1044 667 illamque
1056 590 1205 668 suppleat

127 682 315 757 intellectus,
329 682 444 745 relatio
456 683 495 745 ad
508 684 632 763 logicas
646 685 833 801 pertinebit,
849 698 883 747 ut
899 704 971 766 quae
983 686 1023 747 ab
1037 687 1204 752 intellectu

39 774 40 831 l
128 781 264 859 ponitur.

39 864 40 869 ἵ
162 880 228 940 Hoc
244 886 338 958 pacto
354 878 529 942 relationes
547 879 660 958 logicae
671 889 749 943 sunt
760 900 798 943 ea
814 880 941 943 delectu
959 881 1073 961 primae
1090 886 1205 947 condi·

126 976 220 1038 tionis
246 976 362 1040 relatio
389 978 568 1042 identitatis
591 979 677 1040 inter
696 979 881 1041 universale
908 979 1148 1042 etindividua
1141 1004 1205 1059 ,ex

126 1075 247 1136 delectu
259 1076 411 1139 secundae
423 1078 561 1141 relatio
552 1091 638 1139 inter
651 1077 871 1158 possidentem
884 1087 915 1140 et
928 1096 997 1139 rem
1012 1096 1212 1157 possessam,

126 1176 211 1253 cuius
232 1174 404 1239 relationis
425 1175 710 1239 tundamentum
702 1195 736 1237 ιιι
763 1186 880 1240 neutro
900 1177 1135 1288 correlatopum
1158 1188 1209 1241 ast

125 1271 247 1352 aliquid
266 1274 460 1354 physicum3
480 1291 594 1338 omnes
608 1274 683 1337 itern
702 1274 877 1337 relationes
893 1275 1080 1338 extrinsece
1096 1277 1203 1356 libbi·
1196 1326 1204 1354 ‚

126 1390 159 1432 ex
174 1371 302 1434 delectu
325 1373 426 1435 tertiae
446 1374 561 1435 relatio
587 1373 819 1436 similitudinis
842 1374 927 1436 inter
950 1374 1117 1437 bominem
1141 1377 1207 1439 exi·

125 1479 258 1533 stentem
281 1481 312 1532 et
327 1472 467 1535 alterum
490 1472 638 1535 nondum
655 1472 868 1547 existentem;
886 1491 924 1534 ex
941 1472 1067 1535 delectu
1084 1483 1206 1554 quarta

125 1570 235 1633 relatio
252 1569 552 1634 identitatissecum
568 1573 639 1652 ipso
657 1589 665 1647 ;
680 1590 718 1632 ex
735 1570 862 1643 delectu
877 1570 999 1650 quintae
1014 1572 1130 1635 relatio
1146 1575 1206 1634 sci-

125 1669 200 1731 bitis>
212 1668 253 1729 ad
270 1669 428 1731 scientem
447 1688 456 1746 ;
473 1670 608 1732 scientia
625 1671 714 1731 enirn
731 1688 767 1730 ex
785 1688 819 1730 se
835 1669 874 1729 ad
891 1669 1005 1731 scibile
1021 1670 1205 1746 ordinatur,

124 1785 184 1830 non
213 1785 292 1830 vero
323 1767 439 1830 scibile
454 1767 494 1829 ad
511 1765 680 1830 scientiam
697 1785 706 1843 ;
723 1776 754 1829 et
769 1767 945 1829 relationes
961 1785 1076 1830 omnes
1091 1768 1149 1830 [lei
1166 1768 1205 1831 ad

126 1875 296 1942 creaturas,
315 1874 350 1927 ut
365 1866 431 1929 alio
444 1864 478 1926 in
496 1866 568 1929 loco
584 1865 704 1927 melius
720 1863 952 1926 declarabitur.
1223 1948 1233 1954 ‘

161 1965 232 2029 ιιι.
259 1968 437 2028 Paorosrrro
463 1965 502 2028 ιι.
533 1966 683 2029 Εωιιιαηι
711 1964 744 2025 ia
774 1981 877 2026 reram
905 1974 1019 2026 notare
1047 1963 1208 2027 relationes

125 2066 222 2128 mules.
844 2086 851 2091 “

144 2163 232 2225 ·Non
261 2174 309 2224 est
331 2181 390 2225 cur
411 2163 525 2224 multis
552 2173 712 2224 assertum
734 2163 798 2224 boc
816 2160 1089 2237 demonstremus,
1111 2164 1205 2241 ,quod

39 2305 40 2310 ι
126 2271 276 2342 tanquam
290 2280 349 2342 per
364 2281 398 2324 se
411 2269 525 2324 notum
538 2259 660 2324 assumi
676 2267 793 2339 potest.
811 2258 895 2321 Sane
906 2276 1093 2340 quanquam
1110 2259 1208 2324 unius
1263 2309 1266 2313 -

39 2353 40 2420 j
125 2364 166 2424 rei
183 2381 260 2423 cum
275 2361 374 2424 altera
387 2362 588 2442 comparatio
601 2361 672 2422 sine
684 2360 875 2438 operatione
890 2357 1074 2421 intellectus
1087 2359 1208 2423 habere

125 2461 230 2523 locum
258 2459 324 2522 tion
338 2460 452 2541 possit,
467 2460 687 2522 nihilominus
708 2458 792 2519 inest
814 2476 900 2538 saepe
912 2457 993 2538 ipsis
1005 2457 1103 2519 rebus
1116 2458 1209 2520 inde-

124 2559 303 2641 pendenter
319 2559 361 2620 ab
377 2559 544 2621 intellectu
556 2558 637 2620 ordo
652 2557 787 2636 quidam
805 2568 836 2617 et
848 2563 1013 2634 respectus
1025 2556 1063 2616 ad
1081 2556 1207 2636 aliquid

118 2659 223 2732 aliud,
242 2659 299 2739 qui
313 2659 411 2737 hujus
422 2656 678 2737 comparationis
691 2654 939 2717 laudamentum
952 2656 1151 2735 suppeditat.
1168 2658 1210 2721 Ut

124 2759 210 2820 enim
235 2756 322 2817 nibil
344 2756 450 2817 dicam
470 2756 510 2817 de
524 2753 742 2817 relationibus
765 2751 886 2833 quibus
905 2751 1025 2813 divinae
1056 2769 1202 2832 personae

123 2857 379 2931 constituuntur,
407 2871 487 2935 quas
511 2853 607 2934 plane
628 2853 734 2914 reales
755 2851 849 2913 fateri
875 2869 1007 2913 necesse
1026 2858 1098 2929 est;
1122 2860 1209 2914 certe

124 2955 248 3019 seclusa
268 2954 358 3019 omni
386 2954 576 3034 operatione
600 2939 896 3035 intellectuosen
917 2949 1050 3013 effeetus
1072 2968 1090 3011 a
1113 2968 1210 3012 causa

125 3054 297 3137 dependet,
311 3054 455 3115 ethome
468 3071 497 3114 v.
511 3069 559 3131 gr.
574 3051 677 3129 magis
690 3066 764 3110 cum
779 3049 914 3111 homine
928 3048 1092 3122 convenit,
1110 3066 1208 3128 quam

112 3152 196 3215 'cum
210 3169 296 3233 equo
312 3161 367 3212 aut
383 3150 504 3233 planta.
521 3149 591 3211 lmo
609 3150 708 3211 totius
720 3146 836 3208 mundi
851 3146 932 3208 ordo
945 3163 1121 3225 rerumque
1135 3147 1208 3208 bar-

125 3253 234 3315 monia
249 3270 287 3312 ae
302 3248 515 3331 pulchritudo
528 3246 744 3309 relationibus
761 3244 959 3307 continetur.
977 3243 1009 3306 si
1026 3260 1104 3323 ergo
1116 3244 1210 3306 reali·

124 3364 171 3411 ter
200 3359 249 3410 est
277 3347 367 3410 ordo
384 3347 417 3407 in
435 3345 532 3407 rebus
548 3355 579 3406 et
592 3342 764 3405 harmonia
780 3351 810 3404 et
825 3340 1052 3422 pulchritudo,
1069 3340 1217 3406 esistunt

126 3446 271 3529 prolecto
286 3445 461 3507 relationes
477 3445 591 3506 reales.

163 3544 441 3609 translationes
463 3560 577 3605 omnes
599 3541 703 3602 reales
728 3547 759 3601 et
789 3545 922 3614 mutua,
947 3536 974 3598 si
1005 3536 1208 3615 fundamenti

126 3647 295 3709 diversitas
311 3642 549 3717 consideretur,
566 3639 605 3701 ad
625 3641 690 3701 duo
706 3655 825 3718 genera
848 3643 1051 3710 revocantur,
1068 3653 1208 3714 quorum

127 3745 269 3825 primum
282 3741 429 3804 continet
437 3739 610 3802 relationes
619 3736 800 3799 identitatis
809 3743 841 3795 et
853 3732 1056 3805 dillerentiae,
1071 3735 1208 3796 alterum

39 3895 40 3918 ,
127 3845 301 3907 relationes
317 3839 542 3913 connexionis,
562 3838 584 3898 i.
603 3857 631 3899 e.
649 3833 847 3897 causalitatis
863 3842 894 3893 et
908 3830 1146 3912 dependentia.
1165 3834 1210 3895 De

39 3925 40 3986 l
128 3942 264 4023 singulis
280 3939 380 4003 modo
395 3938 570 4018 agendum.
1035 4028 1050 4068 ὅ
