2792 4600
402 407 489 452 arnan
510 407 653 467 suenrus,
677 407 769 453 carus
791 408 813 454 1.
1104 390 1165 455 399

79 521 208 585 insitum
232 511 464 601 propensionem
486 520 584 585 tolet.
608 520 644 583 ln
673 520 761 583 huno
780 520 916 584 modum
943 523 1090 585 naturale
1118 531 1166 586 est

79 642 108 683 r.
132 638 182 699 gr.
207 620 267 684 uni
282 619 470 681 substantiae
495 619 638 699 separari
654 619 695 680 ab
716 620 826 694 altera,
850 638 926 681 cum
942 639 1006 702 qua
1023 622 1165 686 ohimice

77 718 265 782 combinata
278 728 337 793 est,
358 717 385 779 si
405 717 500 778 tertia
517 717 647 780 accedat
662 717 843 780 substantia
858 718 897 780 ad
914 738 1012 799 quam
1028 720 1166 783 affinita-

78 829 141 894 lem
160 816 277 877 habeat
303 814 477 896 rnajorem;
502 815 644 878 violenta
660 823 709 877 est
733 826 841 878 autom
856 818 1017 897 separatio
1032 837 1105 898 quae
1129 819 1165 881 fit

79 933 137 996 per
152 915 412 977 electricitatem.
429 913 613 976 Notandum
627 924 748 988 tamen,
765 915 912 977 naturale
930 916 992 978 boo
1007 935 1103 979 sensu
1117 918 1167 980 in·

77 1014 243 1076 tellectum
259 1022 290 1075 et
304 1013 484 1077 violentum
498 1014 631 1093 proprie
643 1013 782 1093 reperiri
796 1014 829 1075 in
847 1014 886 1077 ils
899 1014 1006 1077 solum
1022 1015 1165 1091 entibus,

77 1114 111 1174 in
128 1110 250 1192 quihus
263 1119 339 1172 sunt
355 1118 436 1172 verae
451 1129 488 1172 ac
504 1111 638 1192 proprie
654 1111 749 1174 dictae
766 1111 1020 1192 propensionem
1037 1121 1073 1175 ut
1087 1122 1164 1177 sunt

77 1212 166 1274 entia
180 1211 345 1273 voluntate
361 1207 508 1289 praedita.

117 1310 153 1373 3⁰
168 1307 346 1372 artificiale
358 1317 405 1369 est
421 1307 454 1368 ld
468 1322 565 1370 omne
581 1308 673 1389 cujus
686 1309 888 1391 principium
905 1326 971 1372 non
984 1319 1032 1372 est
1043 1321 1166 1374 naturae

11 1453 12 1458 η
79 1406 227 1478 insitum,
252 1403 530 1488 quemadmodum
548 1413 594 1467 est
615 1405 648 1466 in
666 1423 829 1469 marmore
853 1406 955 1485 ligura
969 1407 1068 1481 lovis,
1086 1421 1116 1470 et
1132 1408 1168 1472 in

11 1549 12 1576 ,
80 1504 255 1584 horologio
271 1512 378 1571 motus
391 1503 523 1566 indicis.
541 1500 747 1584 Quapropter
762 1506 921 1577 naturale,
936 1518 971 1568 ut
986 1506 1168 1571 condistin·

77 1604 191 1685 guitur
214 1602 254 1665 ab
270 1601 443 1675 artificiali,
461 1611 509 1665 est
523 1603 556 1663 id
568 1602 657 1684 cujus
684 1604 876 1685 principium
893 1614 936 1665 est
962 1606 1031 1684 ipso
1052 1615 1169 1671 nutura

77 1704 220 1766 insitum.
238 1700 282 1764 lta
298 1700 420 1764 dicitur
433 1701 560 1764 homini
577 1702 734 1765 naturalis
746 1701 964 1766 ratiocinandi
981 1703 1115 1767 facultas
1138 1714 1169 1769 et

79 1801 251 1883 loquendi.
275 1800 504 1863 Animadverte
521 1818 630 1880 porro,
658 1818 760 1880 quum
783 1800 921 1864 dicimus
947 1802 1166 1866 artificialium

79 1902 285 1982 principium
302 1918 367 1963 non
384 1918 453 1961 esse
468 1908 592 1961 naturae
608 1898 756 1974 insitum,
775 1900 838 1962 hoo
854 1899 993 1980 intelligi
1010 1900 1052 1967 do
1066 1903 1167 1981 prin-

80 2002 171 2084 cipio
197 2000 374 2081 adaquato.
416 1997 555 2079 Semper
578 1999 667 2061 enim
699 1999 967 2080 praesupponitur
994 2002 1026 2063 in
1055 2010 1171 2066 natura

82 2100 326 2181 iuadaequatum
348 2098 482 2179 aliquod
509 2108 539 2160 et
562 2097 704 2159 radicale
733 2097 934 2178 principium
957 2115 1072 2162 eorum
1098 2118 1169 2163 om·

82 2200 189 2275 nium,
204 2209 276 2280 quae
288 2216 346 2278 per
358 2205 457 2260 artem
472 2197 565 2260 fiunt.
578 2195 657 2258 Nam
672 2214 778 2277 neque
790 2196 946 2259 marmori
960 2216 989 2259 v.
1004 2215 1052 2277 gr.
1067 2198 1170 2277 ligura

82 2296 192 2379 aliqua
206 2296 306 2359 tribui
321 2306 429 2378 posset
438 2315 495 2376 per
503 2305 615 2371 artem,
630 2295 694 2357 nisi
711 2305 793 2357 osset
807 2295 841 2357 in
854 2312 1017 2358 marmore
1028 2296 1171 2361 cohaesio

81 2396 320 2478 particularum
336 2414 374 2458 ao
403 2395 578 2457 soliditatis
601 2408 702 2457 status
717 2410 726 2469 ;
743 2411 803 2455 nec
827 2393 860 2455 in
876 2394 1029 2456 maehina
1050 2395 1172 2476 aliquis

84 2494 223 2576 produci
241 2503 345 2575 potest
368 2502 488 2569 motus,
506 2492 570 2554 nisi
586 2491 714 2554 viribus
729 2491 849 2556 utendo
866 2499 999 2556 naturae.
1043 2538 1045 2541 ψ

125 2592 199 2656 427.
218 2592 302 2655 llinc
318 2591 508 2673 perspicies,
527 2591 558 2652 in
577 2608 643 2672 quo
660 2588 825 2670 praecipue
838 2597 952 2652 natura
968 2589 1008 2651 ab
1023 2598 1092 2653 arte
1107 2591 1173 2655 dil·
1207 2582 1209 2586 ’

85 2692 180 2765 ierat,
197 2690 294 2772 eique
310 2689 483 2770 praecellat.
500 2687 580 2750 Nam
604 2688 636 2749 1⁰
652 2694 769 2749 natura
787 2684 916 2768 effective
930 2696 1106 2767 operatur;
1122 2707 1174 2753 ars

85 2789 194 2852 solum
213 2788 366 2851 directim.
382 2786 503 2849 Natura
525 2803 667 2866 namque
681 2784 808 2846 viribus
824 2784 887 2846 sihi
915 2785 1059 2866 propriis
1074 2803 1174 2867 opera

86 2905 143 2950 sua
161 2885 336 2967 producit;
354 2902 406 2945 ars
428 2900 504 2945 vero
534 2883 660 2944 viribus
685 2882 919 2949 naturatum
944 2894 975 2944 et
990 2882 1174 2963 subjectum

86 2987 166 3049 artis
189 2995 265 3047 sunt
280 2984 434 3066 potentiae
461 2983 637 3055 naturales,
655 2988 686 3042 et
713 2998 812 3060 opera
827 2981 906 3041 artis
936 2982 975 3042 ad
993 2982 1056 3044 lsoc
1071 3001 1180 3046 unuln>

86 3086 302 3161 reducuntur,
312 3094 346 3147 ut
361 3080 655 3160 naturaliaagentia
666 3080 1028 3159 passivisdisersimode
1039 3083 1175 3160 conjun-

85 3197 217 3266 gantur,
235 3201 416 3264 eorumque
431 3181 576 3243 actiones
592 3177 811 3240 diversimode
828 3176 1069 3259 modificentur.

132 3288 167 3350 2⁰
190 3285 310 3349 Natura
331 3282 364 3343 in
398 3280 523 3342 ultimis
548 3294 680 3358 quoque
701 3293 877 3355 corporum
907 3277 1078 3339 elementis
1099 3279 1174 3358 agit,

77 3391 243 3472 ‚ipsasque
258 3391 383 3446 atomos
396 3377 577 3457 coniungit,
595 3393 632 3437 ac
647 3373 838 3453 singillatim
855 3383 961 3436 movet
978 3384 1010 3437 et
1021 3377 1175 3452 ordinat;

14 3500 15 3503 ’
81 3507 141 3557 ars
152 3502 230 3549 vero
242 3483 350 3546 solum
364 3494 503 3558 corpora
514 3476 580 3554 jam
595 3472 734 3535 formata
746 3470 901 3552 disponit,
916 3489 1018 3552 eaque
1031 3473 1176 3553 plerum·

15 3592 16 3615 ¹
89 3607 153 3669 que
170 3586 203 3647 in
217 3579 390 3661 superficie
405 3584 531 3639 tantum
548 3570 727 3635 modificat.

131 3686 164 3748 5⁰
176 3684 297 3748 Natura
310 3694 367 3739 sna
380 3693 437 3737 sua
448 3690 549 3753 opera
562 3689 620 3751 per
631 3687 666 3732 se
681 3676 862 3741 conservat,
879 3678 976 3748 atque
988 3670 1084 3730 etiam
1097 3668 1176 3730 artis

89 3800 200 3866 opera.
231 3777 389 3854 Arslvero
419 3771 552 3852 propria
577 3785 676 3849 opera
692 3783 751 3847 per
779 3782 813 3826 se
834 3781 1026 3827 conservare
1049 3767 1175 3847 nequit,

15 3924 16 3931 κ
90 3894 278 3963 quanquam
291 3871 373 3936 etad
389 3872 519 3949 propria
532 3884 642 3946 opera,
660 3875 690 3926 et
703 3861 903 3944 quandoque
916 3862 1012 3923 etiam
1025 3863 1065 3924 ad
1079 3881 1179 3944 opera

90 3988 216 4044 naturae
228 3969 460 4042 conservanda,
479 3984 539 4031 suo
552 3967 650 4028 modo
663 3970 848 4025 concurrat.
912 3996 917 4005 ·

134 4079 166 4143 2⁰
180 4075 339 4140 llaohinm
352 4070 432 4151 quas
445 4076 559 4128 natura
571 4060 744 4136 construi-t,
760 4075 832 4140 quae
847 4065 923 4119 sunt
934 4073 1072 4137 corpora
1087 4077 1181 4139 erga.
