<?xml version="1.0" encoding="UTF-8"?>
<!DOCTYPE html PUBLIC "-//W3C//DTD XHTML 1.0 Transitional//EN"
    "http://www.w3.org/TR/xhtml1/DTD/xhtml1-transitional.dtd">
<html xmlns="http://www.w3.org/1999/xhtml" xml:lang="en" lang="en">
 <head>
  <title>
</title>
<meta http-equiv="Content-Type" content="text/html;charset=utf-8" />
  <meta name='ocr-system' content='tesseract 3.04.00' />
  <meta name='ocr-capabilities' content='ocr_page ocr_carea ocr_par ocr_line ocrx_word'/>
</head>
<body>
  <div class='ocr_page' id='page_1' title='image "./institutionesph01tonggoog_0367.png"; bbox 0 0 2792 4600; ppageno 0'>
   <div class='ocr_carea' id='block_1_1' title="bbox 444 348 1180 428">
    <p class='ocr_par' dir='ltr' id='par_1_1' title="bbox 444 348 1180 428">
     <span class='ocr_line' id='line_1_1' title="bbox 444 348 1180 428; baseline 0.003 -17"><span class='ocrx_word' id='word_1_1' title='bbox 444 368 529 413; x_wconf 81' lang='lat' dir='ltr'><strong>arnan</strong></span> <span class='ocrx_word' id='word_1_2' title='bbox 551 369 687 428; x_wconf 78' lang='lat' dir='ltr'><strong>nannius,</strong></span> <span class='ocrx_word' id='word_1_3' title='bbox 711 369 802 421; x_wconf 77' lang='lat' dir='ltr'><strong>canuc</strong></span> <span class='ocrx_word' id='word_1_4' title='bbox 825 370 846 415; x_wconf 88' lang='lat'><strong>1.</strong></span> <span class='ocrx_word' id='word_1_5' title='bbox 1118 348 1180 414; x_wconf 73' lang='lat'><strong>359</strong></span> 
     </span>
    </p>
   </div>
   <div class='ocr_carea' id='block_1_2' title="bbox 27 479 1180 565">
    <p class='ocr_par' dir='ltr' id='par_1_2' title="bbox 27 479 1180 565">
     <span class='ocr_line' id='line_1_2' title="bbox 27 479 1180 565; baseline 0.003 -23"><span class='ocrx_word' id='word_1_6' title='bbox 27 525 28 542; x_wconf 47' lang='lat' dir='ltr'><strong>t</strong></span> <span class='ocrx_word' id='word_1_7' title='bbox 98 479 257 547; x_wconf 89' lang='lat' dir='ltr'><strong>coustituit</strong></span> <span class='ocrx_word' id='word_1_8' title='bbox 268 480 407 543; x_wconf 76' lang='lat' dir='ltr'>extensi:</span> <span class='ocrx_word' id='word_1_9' title='bbox 421 489 453 542; x_wconf 90' lang='lat' dir='ltr'><strong>at</strong></span> <span class='ocrx_word' id='word_1_10' title='bbox 467 482 596 555; x_wconf 86' lang='lat' dir='ltr'><strong>sufficit,</strong></span> <span class='ocrx_word' id='word_1_11' title='bbox 614 482 701 562; x_wconf 86' lang='lat' dir='ltr'><strong>quod</strong></span> <span class='ocrx_word' id='word_1_12' title='bbox 717 492 822 562; x_wconf 87' lang='lat' dir='ltr'><strong>partes</strong></span> <span class='ocrx_word' id='word_1_13' title='bbox 836 483 869 543; x_wconf 90' lang='lat' dir='ltr'><strong>in</strong></span> <span class='ocrx_word' id='word_1_14' title='bbox 886 500 923 545; x_wconf 85' lang='lat' dir='ltr'><strong>co</strong></span> <span class='ocrx_word' id='word_1_15' title='bbox 936 484 1091 563; x_wconf 79' lang='lat' dir='ltr'><strong>assignari</strong></span> <span class='ocrx_word' id='word_1_16' title='bbox 1105 502 1180 565; x_wconf 90' lang='lat' dir='ltr'><strong>pos·</strong></span> 
     </span>
    </p>
   </div>
   <div class='ocr_carea' id='block_1_3' title="bbox 94 580 1268 2242">
    <p class='ocr_par' dir='ltr' id='par_1_3' title="bbox 98 580 1178 762">
     <span class='ocr_line' id='line_1_3' title="bbox 98 580 1178 665; baseline 0.004 -22"><span class='ocrx_word' id='word_1_17' title='bbox 98 584 157 643; x_wconf 91' lang='lat' dir='ltr'><strong>siut</strong></span> <span class='ocrx_word' id='word_1_18' title='bbox 171 597 207 642; x_wconf 89' lang='lat' dir='ltr'><strong>ac</strong></span> <span class='ocrx_word' id='word_1_19' title='bbox 226 581 420 643; x_wconf 85' lang='lat' dir='ltr'><strong>mensurari.</strong></span> <span class='ocrx_word' id='word_1_20' title='bbox 441 580 536 662; x_wconf 82' lang='lat' dir='ltr'>Atqui</span> <span class='ocrx_word' id='word_1_21' title='bbox 553 600 692 663; x_wconf 88' lang='lat' dir='ltr'><strong>corpora</strong></span> <span class='ocrx_word' id='word_1_22' title='bbox 709 601 781 663; x_wconf 81' lang='lat' dir='ltr'><strong>quoe</strong></span> <span class='ocrx_word' id='word_1_23' title='bbox 797 583 831 645; x_wconf 90' lang='lat' dir='ltr'><strong>in</strong></span> <span class='ocrx_word' id='word_1_24' title='bbox 848 584 953 665; x_wconf 90' lang='lat' dir='ltr'><strong>spatio</strong></span> <span class='ocrx_word' id='word_1_25' title='bbox 968 591 1054 660; x_wconf 90' lang='lat' dir='ltr'><strong>sunt,</strong></span> <span class='ocrx_word' id='word_1_26' title='bbox 1071 592 1178 663; x_wconf 87' lang='lat' dir='ltr'><strong>partes</strong></span> 
     </span>
     <span class='ocr_line' id='line_1_4' title="bbox 98 675 1177 762; baseline 0.004 -21"><span class='ocrx_word' id='word_1_27' title='bbox 98 680 128 741; x_wconf 89' lang='lat' dir='ltr'><strong>in</strong></span> <span class='ocrx_word' id='word_1_28' title='bbox 141 675 242 757; x_wconf 90' lang='lat' dir='ltr'><strong>spatio</strong></span> <span class='ocrx_word' id='word_1_29' title='bbox 254 676 471 758; x_wconf 82' lang='lat' dir='ltr'><strong>distinguunt,</strong></span> <span class='ocrx_word' id='word_1_30' title='bbox 484 697 521 741; x_wconf 91' lang='lat' dir='ltr'><strong>ac</strong></span> <span class='ocrx_word' id='word_1_31' title='bbox 537 680 670 762; x_wconf 90' lang='lat' dir='ltr'><strong>propria</strong></span> <span class='ocrx_word' id='word_1_32' title='bbox 683 679 857 760; x_wconf 83' lang='lat' dir='ltr'><strong>superficie</strong></span> <span class='ocrx_word' id='word_1_33' title='bbox 866 689 1065 745; x_wconf 85' lang='lat' dir='ltr'><strong>mensurant.</strong></span> <span class='ocrx_word' id='word_1_34' title='bbox 1079 680 1177 762; x_wconf 79' lang='lat' dir='ltr'><strong>Ergo.</strong></span> 
     </span>
    </p>

    <p class='ocr_par' dir='ltr' id='par_1_4' title="bbox 98 776 1268 1156">
     <span class='ocr_line' id='line_1_5' title="bbox 135 776 1180 862; baseline 0.002 -23"><span class='ocrx_word' id='word_1_35' title='bbox 135 777 215 839; x_wconf 90' lang='lat' dir='ltr'><strong>Hinc</strong></span> <span class='ocrx_word' id='word_1_36' title='bbox 234 776 268 839; x_wconf 63' lang='lat'><strong>2⁰</strong></span> <span class='ocrx_word' id='word_1_37' title='bbox 284 777 485 839; x_wconf 83' lang='lat' dir='ltr'><strong>immensitas</strong></span> <span class='ocrx_word' id='word_1_38' title='bbox 511 778 723 861; x_wconf 68' lang='lat' dir='ltr'><strong>divinaque</strong></span> <span class='ocrx_word' id='word_1_39' title='bbox 753 779 881 841; x_wconf 88' lang='lat' dir='ltr'><strong>infinita</strong></span> <span class='ocrx_word' id='word_1_40' title='bbox 896 787 955 856; x_wconf 91' lang='lat' dir='ltr'><strong>est,</strong></span> <span class='ocrx_word' id='word_1_41' title='bbox 969 799 1007 843; x_wconf 88' lang='lat' dir='ltr'><strong>ex</strong></span> <span class='ocrx_word' id='word_1_42' title='bbox 1032 780 1180 862; x_wconf 90' lang='lat' dir='ltr'><strong>partibus</strong></span> 
     </span>
     <span class='ocr_line' id='line_1_6' title="bbox 98 868 1179 953; baseline 0.006 -18"><span class='ocrx_word' id='word_1_43' title='bbox 98 876 128 936; x_wconf 94' lang='lat' dir='ltr'><strong>in</strong></span> <span class='ocrx_word' id='word_1_44' title='bbox 144 893 176 937; x_wconf 89' lang='lat' dir='ltr'><strong>se</strong></span> <span class='ocrx_word' id='word_1_45' title='bbox 193 874 294 936; x_wconf 83' lang='lat' dir='ltr'><strong>finitis</strong></span> <span class='ocrx_word' id='word_1_46' title='bbox 309 876 517 953; x_wconf 83' lang='lat' dir='ltr'><strong>coalesceret,</strong></span> <span class='ocrx_word' id='word_1_47' title='bbox 531 886 562 940; x_wconf 87' lang='lat' dir='ltr'><strong>et</strong></span> <span class='ocrx_word' id='word_1_48' title='bbox 581 886 666 941; x_wconf 89' lang='lat' dir='ltr'><strong>esset</strong></span> <span class='ocrx_word' id='word_1_49' title='bbox 676 868 825 941; x_wconf 70' lang='lat' dir='ltr'><strong>&#39;extensio</strong></span> <span class='ocrx_word' id='word_1_50' title='bbox 844 877 984 942; x_wconf 86' lang='lat' dir='ltr'><strong>infinita.</strong></span> <span class='ocrx_word' id='word_1_51' title='bbox 997 880 1055 944; x_wconf 67' lang='lat' dir='ltr'><strong>vEst</strong></span> <span class='ocrx_word' id='word_1_52' title='bbox 1071 886 1179 942; x_wconf 88' lang='lat' dir='ltr'><strong>autem</strong></span> 
     </span>
     <span class='ocr_line' id='line_1_7' title="bbox 98 973 1268 1058; baseline -0.001 -18"><span class='ocrx_word' id='word_1_53' title='bbox 98 974 227 1040; x_wconf 91' lang='lat' dir='ltr'><strong>omuino</strong></span> <span class='ocrx_word' id='word_1_54' title='bbox 239 973 430 1051; x_wconf 88' lang='lat' dir='ltr'><strong>absurdum,</strong></span> <span class='ocrx_word' id='word_1_55' title='bbox 448 976 615 1038; x_wconf 83' lang='lat' dir='ltr'><strong>infinitum</strong></span> <span class='ocrx_word' id='word_1_56' title='bbox 631 995 669 1040; x_wconf 91' lang='lat' dir='ltr'><strong>ex</strong></span> <span class='ocrx_word' id='word_1_57' title='bbox 683 977 785 1042; x_wconf 83' lang='lat' dir='ltr'><strong>finitis</strong></span> <span class='ocrx_word' id='word_1_58' title='bbox 800 995 998 1058; x_wconf 77' lang='lat' dir='ltr'>consurgere</span> <span class='ocrx_word' id='word_1_59' title='bbox 1014 993 1022 1041; x_wconf 77' lang='grc' dir='ltr'><em>τ</em></span> <span class='ocrx_word' id='word_1_60' title='bbox 1040 986 1087 1040; x_wconf 86' lang='lat' dir='ltr'><strong>est</strong></span> <span class='ocrx_word' id='word_1_61' title='bbox 1103 977 1180 1039; x_wconf 88' lang='lat' dir='ltr'><strong>item</strong></span> <span class='ocrx_word' id='word_1_62' title='bbox 1265 1023 1268 1030; x_wconf 64' lang='lat'>,</span> 
     </span>
     <span class='ocr_line' id='line_1_8' title="bbox 98 1072 911 1156; baseline 0.004 -21"><span class='ocrx_word' id='word_1_63' title='bbox 98 1072 282 1146; x_wconf 89' lang='lat' dir='ltr'><strong>absurdum,</strong></span> <span class='ocrx_word' id='word_1_64' title='bbox 299 1072 521 1136; x_wconf 81' lang='lat' dir='ltr'><strong>extensionem</strong></span> <span class='ocrx_word' id='word_1_65' title='bbox 538 1074 701 1136; x_wconf 84' lang='lat' dir='ltr'><strong>infinitam</strong></span> <span class='ocrx_word' id='word_1_66' title='bbox 718 1094 799 1138; x_wconf 87' lang='lat' dir='ltr'><strong>esse.</strong></span> <span class='ocrx_word' id='word_1_67' title='bbox 815 1075 911 1156; x_wconf 76' lang='lat' dir='ltr'><strong>Ergo.</strong></span> 
     </span>
    </p>

    <p class='ocr_par' dir='ltr' id='par_1_5' title="bbox 95 1166 1182 1646">
     <span class='ocr_line' id='line_1_9' title="bbox 134 1166 1180 1274; baseline 0.002 -41"><span class='ocrx_word' id='word_1_68' title='bbox 134 1171 166 1233; x_wconf 78' lang='lat'><strong>5⁰</strong></span> <span class='ocrx_word' id='word_1_69' title='bbox 184 1169 257 1233; x_wconf 86' lang='lat' dir='ltr'><strong>Non</strong></span> <span class='ocrx_word' id='word_1_70' title='bbox 280 1171 446 1235; x_wconf 85' lang='lat' dir='ltr'><strong>immerito</strong></span> <span class='ocrx_word' id='word_1_71' title='bbox 461 1173 577 1274; x_wconf 79' lang='lat' dir='ltr'><strong>opipio</strong></span> <span class='ocrx_word' id='word_1_72' title='bbox 595 1175 664 1237; x_wconf 86' lang='lat' dir='ltr'><strong>haec</strong></span> <span class='ocrx_word' id='word_1_73' title='bbox 677 1174 843 1253; x_wconf 86' lang='lat' dir='ltr'><strong>judicatur</strong></span> <span class='ocrx_word' id='word_1_74' title='bbox 858 1175 943 1237; x_wconf 86' lang='lat' dir='ltr'><strong>viam</strong></span> <span class='ocrx_word' id='word_1_75' title='bbox 958 1173 997 1236; x_wconf 90' lang='lat' dir='ltr'><strong>ad</strong></span> <span class='ocrx_word' id='word_1_76' title='bbox 1029 1166 1180 1255; x_wconf 85' lang='lat' dir='ltr'><strong>panthei·</strong></span> 
     </span>
     <span class='ocr_line' id='line_1_10' title="bbox 98 1271 1182 1344; baseline 0.002 -12"><span class='ocrx_word' id='word_1_77' title='bbox 98 1287 197 1332; x_wconf 89' lang='lat' dir='ltr'><strong>smum</strong></span> <span class='ocrx_word' id='word_1_78' title='bbox 217 1276 376 1331; x_wconf 84' lang='lat' dir='ltr'><strong>sternere.</strong></span> <span class='ocrx_word' id='word_1_79' title='bbox 397 1271 430 1333; x_wconf 89' lang='lat' dir='ltr'><strong>Si</strong></span> <span class='ocrx_word' id='word_1_80' title='bbox 454 1273 541 1343; x_wconf 88' lang='lat' dir='ltr'><strong>enim</strong></span> <span class='ocrx_word' id='word_1_81' title='bbox 561 1272 661 1335; x_wconf 85' lang='lat' dir='ltr'><strong>Deum</strong></span> <span class='ocrx_word' id='word_1_82' title='bbox 679 1273 870 1344; x_wconf 66' lang='lat' dir='ltr'><strong>formaliter,</strong></span> <span class='ocrx_word' id='word_1_83' title='bbox 885 1283 1055 1335; x_wconf 85' lang='lat' dir='ltr'><strong>extensum</strong></span> <span class='ocrx_word' id='word_1_84' title='bbox 1072 1271 1182 1334; x_wconf 84' lang='lat' dir='ltr'><strong>dicero</strong></span> 
     </span>
     <span class='ocr_line' id='line_1_11' title="bbox 96 1359 1180 1449; baseline 0.003 -19"><span class='ocrx_word' id='word_1_85' title='bbox 96 1384 275 1449; x_wconf 84' lang='lat' dir='ltr'><strong>possumus,</strong></span> <span class='ocrx_word' id='word_1_86' title='bbox 307 1385 418 1430; x_wconf 90' lang='lat' dir='ltr'><strong>nonne</strong></span> <span class='ocrx_word' id='word_1_87' title='bbox 436 1368 543 1431; x_wconf 83' lang='lat' dir='ltr'><strong>facitis</strong></span> <span class='ocrx_word' id='word_1_88' title='bbox 564 1359 641 1433; x_wconf 87' lang='lat' dir='ltr'><strong>inde</strong></span> <span class='ocrx_word' id='word_1_89' title='bbox 663 1371 725 1432; x_wconf 91' lang='lat' dir='ltr'><strong>erit</strong></span> <span class='ocrx_word' id='word_1_90' title='bbox 746 1370 922 1435; x_wconf 90' lang='lat' dir='ltr'><strong>deductio:</strong></span> <span class='ocrx_word' id='word_1_91' title='bbox 943 1371 1086 1433; x_wconf 89' lang='lat' dir='ltr'><strong>divinam</strong></span> <span class='ocrx_word' id='word_1_92' title='bbox 1103 1370 1180 1433; x_wconf 90' lang='lat' dir='ltr'><strong>snb·</strong></span> 
     </span>
     <span class='ocr_line' id='line_1_12' title="bbox 95 1465 1181 1551; baseline 0.005 -25"><span class='ocrx_word' id='word_1_93' title='bbox 95 1466 240 1538; x_wconf 80' lang='lat' dir='ltr'><strong>stantiam</strong></span> <span class='ocrx_word' id='word_1_94' title='bbox 257 1468 362 1547; x_wconf 86' lang='lat' dir='ltr'><strong>ipsam</strong></span> <span class='ocrx_word' id='word_1_95' title='bbox 374 1469 490 1529; x_wconf 90' lang='lat' dir='ltr'><strong>mundi</strong></span> <span class='ocrx_word' id='word_1_96' title='bbox 508 1470 722 1537; x_wconf 87' lang='lat' dir='ltr'><strong>substantiam</strong></span> <span class='ocrx_word' id='word_1_97' title='bbox 739 1471 830 1533; x_wconf 83' lang='lat' dir='ltr'><strong>csse?</strong></span> <span class='ocrx_word' id='word_1_98' title='bbox 842 1465 910 1543; x_wconf 83' lang='lat' dir='ltr'><strong>Qua</strong></span> <span class='ocrx_word' id='word_1_99' title='bbox 926 1489 961 1533; x_wconf 89' lang='lat' dir='ltr'><strong>re</strong></span> <span class='ocrx_word' id='word_1_100' title='bbox 976 1469 1060 1532; x_wconf 92' lang='lat' dir='ltr'><strong>nihil</strong></span> <span class='ocrx_word' id='word_1_101' title='bbox 1075 1478 1181 1551; x_wconf 88' lang='lat' dir='ltr'><strong>potest</strong></span> 
     </span>
     <span class='ocr_line' id='line_1_13' title="bbox 96 1565 484 1646; baseline 0.013 -20"><span class='ocrx_word' id='word_1_102' title='bbox 96 1566 154 1627; x_wconf 87' lang='lat' dir='ltr'><strong>dici</strong></span> <span class='ocrx_word' id='word_1_103' title='bbox 171 1565 278 1646; x_wconf 88' lang='lat' dir='ltr'><strong>majus</strong></span> <span class='ocrx_word' id='word_1_104' title='bbox 293 1565 484 1631; x_wconf 89' lang='lat' dir='ltr'><strong>absurdum.</strong></span> 
     </span>
    </p>

    <p class='ocr_par' dir='ltr' id='par_1_6' title="bbox 95 1662 1250 1828">
     <span class='ocr_line' id='line_1_14' title="bbox 131 1662 1250 1747; baseline 0.001 -22"><span class='ocrx_word' id='word_1_105' title='bbox 131 1662 200 1726; x_wconf 77' lang='lat'><strong>535.</strong></span> <span class='ocrx_word' id='word_1_106' title='bbox 234 1662 415 1727; x_wconf 82' lang='lat' dir='ltr'><strong>Pnonosrno</strong></span> <span class='ocrx_word' id='word_1_107' title='bbox 449 1663 491 1726; x_wconf 88' lang='grc' dir='ltr'><strong>ΙΙΙ</strong></span> <span class='ocrx_word' id='word_1_108' title='bbox 525 1664 579 1729; x_wconf 77' lang='lat' dir='ltr'><strong>Est</strong></span> <span class='ocrx_word' id='word_1_109' title='bbox 610 1666 735 1747; x_wconf 78' lang='lat' dir='ltr'><strong>ulipnod</strong></span> <span class='ocrx_word' id='word_1_110' title='bbox 775 1667 923 1747; x_wconf 79' lang='lat' dir='ltr'><strong>spatium,</strong></span> <span class='ocrx_word' id='word_1_111' title='bbox 964 1666 1044 1746; x_wconf 77' lang='lat' dir='ltr'><strong>qnod</strong></span> <span class='ocrx_word' id='word_1_112' title='bbox 1073 1665 1181 1726; x_wconf 69' lang='lat' dir='ltr'><strong>annito</strong></span> <span class='ocrx_word' id='word_1_113' title='bbox 1247 1695 1250 1699; x_wconf 93' lang='lat'>·</span> 
     </span>
     <span class='ocr_line' id='line_1_15' title="bbox 95 1764 611 1828; baseline 0.004 -2"><span class='ocrx_word' id='word_1_114' title='bbox 95 1764 313 1827; x_wconf 79' lang='lat' dir='ltr'><strong>maledicitur.</strong></span> <span class='ocrx_word' id='word_1_115' title='bbox 607 1821 611 1828; x_wconf 86' lang='grc'><em>,</em></span> 
     </span>
    </p>

    <p class='ocr_par' dir='ltr' id='par_1_7' title="bbox 94 1862 1181 2242">
     <span class='ocr_line' id='line_1_16' title="bbox 132 1862 1181 1950; baseline -0.002 -25"><span class='ocrx_word' id='word_1_116' title='bbox 132 1864 197 1926; x_wconf 85' lang='lat' dir='ltr'><strong>Hoc</strong></span> <span class='ocrx_word' id='word_1_117' title='bbox 206 1872 257 1926; x_wconf 92' lang='lat' dir='ltr'><strong>est</strong></span> <span class='ocrx_word' id='word_1_118' title='bbox 268 1864 412 1944; x_wconf 88' lang='lat' dir='ltr'><strong>spatium</strong></span> <span class='ocrx_word' id='word_1_119' title='bbox 424 1863 642 1950; x_wconf 57' lang='lat' dir='ltr'><strong>montianum,</strong></span> <span class='ocrx_word' id='word_1_120' title='bbox 652 1863 741 1944; x_wconf 91' lang='lat' dir='ltr'><strong>quod</strong></span> <span class='ocrx_word' id='word_1_121' title='bbox 759 1871 846 1926; x_wconf 85' lang='lat' dir='ltr'><strong>recte</strong></span> <span class='ocrx_word' id='word_1_122' title='bbox 858 1862 1031 1926; x_wconf 87' lang='lat' dir='ltr'><strong>definitur:</strong></span> <span class='ocrx_word' id='word_1_123' title='bbox 1045 1863 1181 1925; x_wconf 72' lang='lat' dir='ltr'><strong>cetensio</strong></span> 
     </span>
     <span class='ocr_line' id='line_1_17' title="bbox 94 1960 1181 2043; baseline -0.002 -19"><span class='ocrx_word' id='word_1_124' title='bbox 94 1964 125 2024; x_wconf 79' lang='lat' dir='ltr'><strong>ia</strong></span> <span class='ocrx_word' id='word_1_125' title='bbox 147 1963 284 2042; x_wconf 62' lang='lat' dir='ltr'><strong>munna</strong></span> <span class='ocrx_word' id='word_1_126' title='bbox 314 1963 414 2025; x_wconf 80' lang='lat' dir='ltr'><strong>totum</strong></span> <span class='ocrx_word' id='word_1_127' title='bbox 442 1970 470 2024; x_wconf 84' lang='lat' dir='ltr'><strong>ct</strong></span> <span class='ocrx_word' id='word_1_128' title='bbox 492 1960 696 2043; x_wconf 71' lang='lat' dir='ltr'><strong>profundum,</strong></span> <span class='ocrx_word' id='word_1_129' title='bbox 713 1980 779 2043; x_wconf 81' lang='lat' dir='ltr'><strong>pute</strong></span> <span class='ocrx_word' id='word_1_130' title='bbox 793 1961 932 2042; x_wconf 79' lang='lat' dir='ltr'><strong>earurpit</strong></span> <span class='ocrx_word' id='word_1_131' title='bbox 948 1978 989 2022; x_wconf 76' lang='lat' dir='ltr'><strong>cc</strong></span> <span class='ocrx_word' id='word_1_132' title='bbox 1014 1960 1181 2022; x_wconf 78' lang='lat' dir='ltr'><strong>mundonis</strong></span> 
     </span>
     <span class='ocr_line' id='line_1_18' title="bbox 94 2058 1181 2144; baseline -0.003 -20"><span class='ocrx_word' id='word_1_133' title='bbox 94 2063 226 2126; x_wconf 76' lang='lat' dir='ltr'><strong>omnihus</strong></span> <span class='ocrx_word' id='word_1_134' title='bbox 241 2064 419 2144; x_wconf 77' lang='lat' dir='ltr'><strong>corporibus</strong></span> <span class='ocrx_word' id='word_1_135' title='bbox 430 2063 465 2123; x_wconf 86' lang='lat' dir='ltr'><strong>in</strong></span> <span class='ocrx_word' id='word_1_136' title='bbox 484 2064 553 2137; x_wconf 85' lang='lat' dir='ltr'><strong>huc,</strong></span> <span class='ocrx_word' id='word_1_137' title='bbox 570 2064 605 2123; x_wconf 86' lang='lat' dir='ltr'><strong>in</strong></span> <span class='ocrx_word' id='word_1_138' title='bbox 615 2081 676 2142; x_wconf 82' lang='lat' dir='ltr'><strong>quo</strong></span> <span class='ocrx_word' id='word_1_139' title='bbox 689 2071 774 2136; x_wconf 81' lang='lat' dir='ltr'><strong>aunt,</strong></span> <span class='ocrx_word' id='word_1_140' title='bbox 787 2058 978 2125; x_wconf 58' lang='lat' dir='ltr'><strong>continuata</strong></span> <span class='ocrx_word' id='word_1_141' title='bbox 990 2060 1066 2122; x_wconf 82' lang='lat' dir='ltr'><strong>serie</strong></span> <span class='ocrx_word' id='word_1_142' title='bbox 1079 2060 1181 2122; x_wconf 77' lang='lat' dir='ltr'><strong>cocei-</strong></span> 
     </span>
     <span class='ocr_line' id='line_1_19' title="bbox 94 2157 1181 2242; baseline -0.004 -19"><span class='ocrx_word' id='word_1_143' title='bbox 94 2162 243 2225; x_wconf 73' lang='lat' dir='ltr'><strong>sentitus.</strong></span> <span class='ocrx_word' id='word_1_144' title='bbox 266 2161 388 2225; x_wconf 84' lang='lat' dir='ltr'><strong>Revera</strong></span> <span class='ocrx_word' id='word_1_145' title='bbox 407 2179 482 2224; x_wconf 92' lang='lat' dir='ltr'><strong>cum</strong></span> <span class='ocrx_word' id='word_1_146' title='bbox 498 2161 639 2242; x_wconf 88' lang='lat' dir='ltr'><strong>spatium</strong></span> <span class='ocrx_word' id='word_1_147' title='bbox 655 2159 802 2223; x_wconf 85' lang='lat' dir='ltr'><strong>extensio</strong></span> <span class='ocrx_word' id='word_1_148' title='bbox 824 2157 1049 2234; x_wconf 67' lang='lat' dir='ltr'><strong>continuant,</strong></span> <span class='ocrx_word' id='word_1_149' title='bbox 1067 2158 1181 2238; x_wconf 84' lang='lat' dir='ltr'><strong>inqua</strong></span> 
     </span>
    </p>
   </div>
   <div class='ocr_carea' id='block_1_4' title="bbox 31 2257 1180 2342">
    <p class='ocr_par' dir='ltr' id='par_1_8' title="bbox 31 2257 1180 2342">
     <span class='ocr_line' id='line_1_20' title="bbox 31 2257 1180 2342; baseline -0.003 -19"><span class='ocrx_word' id='word_1_150' title='bbox 31 2328 35 2341; x_wconf 64' lang='grc'>,</span> <span class='ocrx_word' id='word_1_151' title='bbox 96 2277 227 2342; x_wconf 88' lang='lat' dir='ltr'><strong>corpora</strong></span> <span class='ocrx_word' id='word_1_152' title='bbox 244 2262 468 2337; x_wconf 88' lang='lat' dir='ltr'><strong>continentur,</strong></span> <span class='ocrx_word' id='word_1_153' title='bbox 485 2259 626 2341; x_wconf 89' lang='lat' dir='ltr'><strong>spatium</strong></span> <span class='ocrx_word' id='word_1_154' title='bbox 643 2258 730 2322; x_wconf 88' lang='lat' dir='ltr'><strong>reale</strong></span> <span class='ocrx_word' id='word_1_155' title='bbox 744 2258 808 2322; x_wconf 87' lang='lat' dir='ltr'><strong>erit</strong></span> <span class='ocrx_word' id='word_1_156' title='bbox 827 2258 972 2322; x_wconf 86' lang='lat' dir='ltr'><strong>extensio</strong></span> <span class='ocrx_word' id='word_1_157' title='bbox 987 2257 1085 2320; x_wconf 87' lang='lat' dir='ltr'><strong>realis</strong></span> <span class='ocrx_word' id='word_1_158' title='bbox 1100 2273 1180 2321; x_wconf 92' lang='lat' dir='ltr'><strong>con·</strong></span> 
     </span>
    </p>
   </div>
   <div class='ocr_carea' id='block_1_5' title="bbox 95 2359 1181 2636">
    <p class='ocr_par' dir='ltr' id='par_1_9' title="bbox 95 2359 1181 2636">
     <span class='ocr_line' id='line_1_21' title="bbox 95 2359 1180 2443; baseline -0.001 -22"><span class='ocrx_word' id='word_1_159' title='bbox 95 2363 189 2433; x_wconf 80' lang='lat' dir='ltr'><strong>tinne,</strong></span> <span class='ocrx_word' id='word_1_160' title='bbox 221 2363 258 2424; x_wconf 93' lang='lat' dir='ltr'><strong>in</strong></span> <span class='ocrx_word' id='word_1_161' title='bbox 284 2380 347 2443; x_wconf 89' lang='lat' dir='ltr'><strong>qua</strong></span> <span class='ocrx_word' id='word_1_162' title='bbox 367 2377 505 2443; x_wconf 81' lang='lat' dir='ltr'><strong>corpora</strong></span> <span class='ocrx_word' id='word_1_163' title='bbox 535 2360 777 2423; x_wconf 89' lang='lat' dir='ltr'><strong>contineantur.</strong></span> <span class='ocrx_word' id='word_1_164' title='bbox 798 2359 898 2440; x_wconf 75' lang='lat' dir='ltr'><strong>&#39;Atqui</strong></span> <span class='ocrx_word' id='word_1_165' title='bbox 928 2360 1069 2438; x_wconf 90' lang='lat' dir='ltr'><strong>spatium</strong></span> <span class='ocrx_word' id='word_1_166' title='bbox 1086 2375 1180 2420; x_wconf 90' lang='lat' dir='ltr'><strong>mun·</strong></span> 
     </span>
     <span class='ocr_line' id='line_1_22' title="bbox 96 2458 1181 2538; baseline -0.002 -17"><span class='ocrx_word' id='word_1_167' title='bbox 96 2461 209 2522; x_wconf 87' lang='lat' dir='ltr'><strong>danum</strong></span> <span class='ocrx_word' id='word_1_168' title='bbox 226 2470 275 2522; x_wconf 88' lang='lat' dir='ltr'><strong>est</strong></span> <span class='ocrx_word' id='word_1_169' title='bbox 291 2459 479 2538; x_wconf 76' lang='lat' dir='ltr'><strong>huiusmodi</strong></span> <span class='ocrx_word' id='word_1_170' title='bbox 503 2459 661 2522; x_wconf 86' lang='lat' dir='ltr'><strong>extensio.</strong></span> <span class='ocrx_word' id='word_1_171' title='bbox 680 2460 813 2522; x_wconf 82' lang='lat' dir='ltr'><strong>Terram</strong></span> <span class='ocrx_word' id='word_1_172' title='bbox 829 2458 918 2521; x_wconf 91' lang='lat' dir='ltr'><strong>euim</strong></span> <span class='ocrx_word' id='word_1_173' title='bbox 931 2458 1051 2538; x_wconf 87' lang='lat' dir='ltr'><strong>excipit</strong></span> <span class='ocrx_word' id='word_1_174' title='bbox 1063 2473 1129 2531; x_wconf 89' lang='lat' dir='ltr'><strong>aer,</strong></span> <span class='ocrx_word' id='word_1_175' title='bbox 1148 2464 1181 2519; x_wconf 88' lang='lat' dir='ltr'><strong>et</strong></span> 
     </span>
     <span class='ocr_line' id='line_1_23' title="bbox 95 2555 1181 2636; baseline -0.003 -18"><span class='ocrx_word' id='word_1_176' title='bbox 95 2574 194 2619; x_wconf 87' lang='lat' dir='ltr'><strong>aerem</strong></span> <span class='ocrx_word' id='word_1_177' title='bbox 211 2556 450 2619; x_wconf 85' lang='lat' dir='ltr'><strong>subtilissimus</strong></span> <span class='ocrx_word' id='word_1_178' title='bbox 465 2557 577 2629; x_wconf 77' lang='lat' dir='ltr'><strong>ather,</strong></span> <span class='ocrx_word' id='word_1_179' title='bbox 591 2556 647 2636; x_wconf 89' lang='lat' dir='ltr'><strong>qni</strong></span> <span class='ocrx_word' id='word_1_180' title='bbox 663 2556 703 2617; x_wconf 91' lang='lat' dir='ltr'><strong>ad</strong></span> <span class='ocrx_word' id='word_1_181' title='bbox 720 2557 938 2618; x_wconf 80' lang='lat' dir='ltr'><strong>remotissima</strong></span> <span class='ocrx_word' id='word_1_182' title='bbox 953 2573 1057 2636; x_wconf 88' lang='lat' dir='ltr'><strong>usque</strong></span> <span class='ocrx_word' id='word_1_183' title='bbox 1072 2555 1181 2617; x_wconf 89' lang='lat' dir='ltr'><strong>sidera</strong></span> 
     </span>
    </p>
   </div>
   <div class='ocr_carea' id='block_1_6' title="bbox 31 2653 1180 2933">
    <p class='ocr_par' dir='ltr' id='par_1_10' title="bbox 31 2653 1180 2933">
     <span class='ocr_line' id='line_1_24' title="bbox 31 2653 1180 2736; baseline -0.003 -17"><span class='ocrx_word' id='word_1_184' title='bbox 31 2694 33 2719; x_wconf 53' lang='grc' dir='ltr'>ι</span> <span class='ocrx_word' id='word_1_185' title='bbox 95 2656 258 2734; x_wconf 74' lang='lat' dir='ltr'><strong>pertingit.</strong></span> <span class='ocrx_word' id='word_1_186' title='bbox 275 2653 438 2716; x_wconf 85' lang='lat' dir='ltr'><strong>hiundana</strong></span> <span class='ocrx_word' id='word_1_187' title='bbox 453 2665 560 2718; x_wconf 89' lang='lat' dir='ltr'><strong>autem</strong></span> <span class='ocrx_word' id='word_1_188' title='bbox 577 2671 727 2735; x_wconf 85' lang='lat' dir='ltr'><strong>corpora,</strong></span> <span class='ocrx_word' id='word_1_189' title='bbox 745 2657 780 2717; x_wconf 92' lang='lat' dir='ltr'><strong>in</strong></span> <span class='ocrx_word' id='word_1_190' title='bbox 796 2654 940 2736; x_wconf 89' lang='lat' dir='ltr'><strong>eoquod</strong></span> <span class='ocrx_word' id='word_1_191' title='bbox 956 2655 1180 2718; x_wconf 83' lang='lat' dir='ltr'><strong>continuatam</strong></span> 
     </span>
     <span class='ocr_line' id='line_1_25' title="bbox 37 2742 1180 2832; baseline 0 -18"><span class='ocrx_word' id='word_1_192' title='bbox 37 2822 41 2831; x_wconf 30' lang='lat'><strong>¹</strong></span> <span class='ocrx_word' id='word_1_193' title='bbox 95 2752 174 2814; x_wconf 90' lang='lat' dir='ltr'><strong>hanc</strong></span> <span class='ocrx_word' id='word_1_194' title='bbox 187 2742 310 2814; x_wconf 89' lang='lat' dir='ltr'><strong>seriem</strong></span> <span class='ocrx_word' id='word_1_195' title='bbox 324 2756 537 2828; x_wconf 90' lang='lat' dir='ltr'><strong>constituunt,</strong></span> <span class='ocrx_word' id='word_1_196' title='bbox 548 2755 667 2815; x_wconf 88' lang='lat' dir='ltr'><strong>reatem</strong></span> <span class='ocrx_word' id='word_1_197' title='bbox 680 2754 857 2832; x_wconf 88' lang='lat' dir='ltr'><strong>quamdam</strong></span> <span class='ocrx_word' id='word_1_198' title='bbox 872 2752 1096 2816; x_wconf 88' lang='lat' dir='ltr'><strong>extensionem</strong></span> <span class='ocrx_word' id='word_1_199' title='bbox 1112 2751 1180 2815; x_wconf 88' lang='lat' dir='ltr'><strong>effi-</strong></span> 
     </span>
     <span class='ocr_line' id='line_1_26' title="bbox 31 2851 1179 2933; baseline 0 -18"><span class='ocrx_word' id='word_1_200' title='bbox 31 2854 35 2915; x_wconf 81' lang='lat' dir='ltr'><strong>i</strong></span> <span class='ocrx_word' id='word_1_201' title='bbox 95 2851 190 2928; x_wconf 85' lang='lat' dir='ltr'><strong>ciunt,</strong></span> <span class='ocrx_word' id='word_1_202' title='bbox 207 2854 242 2914; x_wconf 88' lang='lat' dir='ltr'><strong>in</strong></span> <span class='ocrx_word' id='word_1_203' title='bbox 257 2871 320 2933; x_wconf 91' lang='lat' dir='ltr'><strong>qua</strong></span> <span class='ocrx_word' id='word_1_204' title='bbox 332 2854 593 2932; x_wconf 86' lang='lat' dir='ltr'><strong>unumquodque</strong></span> <span class='ocrx_word' id='word_1_205' title='bbox 605 2852 792 2916; x_wconf 86' lang='lat' dir='ltr'><strong>continetur</strong></span> <span class='ocrx_word' id='word_1_206' title='bbox 806 2862 839 2915; x_wconf 94' lang='lat' dir='ltr'><strong>ut</strong></span> <span class='ocrx_word' id='word_1_207' title='bbox 852 2870 926 2933; x_wconf 86' lang='lat' dir='ltr'><strong>pars</strong></span> <span class='ocrx_word' id='word_1_208' title='bbox 942 2852 976 2914; x_wconf 91' lang='lat' dir='ltr'><strong>in</strong></span> <span class='ocrx_word' id='word_1_209' title='bbox 990 2861 1068 2916; x_wconf 92' lang='lat' dir='ltr'><strong>toto.</strong></span> <span class='ocrx_word' id='word_1_210' title='bbox 1082 2853 1179 2932; x_wconf 77' lang='lat' dir='ltr'><strong>Ergo.</strong></span> 
     </span>
    </p>
   </div>
   <div class='ocr_carea' id='block_1_7' title="bbox 95 2949 1186 4117">
    <p class='ocr_par' dir='ltr' id='par_1_11' title="bbox 95 2949 1184 3330">
     <span class='ocr_line' id='line_1_27' title="bbox 130 2949 1184 3032; baseline -0.001 -19"><span class='ocrx_word' id='word_1_211' title='bbox 130 2951 201 3014; x_wconf 74' lang='lat'><strong>554.</strong></span> <span class='ocrx_word' id='word_1_212' title='bbox 220 2955 404 3032; x_wconf 26' lang='lat' dir='ltr'><strong>Pnoaosrrro·</strong></span> <span class='ocrx_word' id='word_1_213' title='bbox 423 2952 475 3015; x_wconf 87' lang='lat' dir='ltr'><strong>lv.</strong></span> <span class='ocrx_word' id='word_1_214' title='bbox 501 2949 646 3032; x_wconf 79' lang='lat' dir='ltr'><strong>Spatium</strong></span> <span class='ocrx_word' id='word_1_215' title='bbox 660 2952 834 3015; x_wconf 80' lang='lat' dir='ltr'><strong>ahsolutum</strong></span> <span class='ocrx_word' id='word_1_216' title='bbox 847 2952 928 3014; x_wconf 83' lang='lat' dir='ltr'><strong>nihil</strong></span> <span class='ocrx_word' id='word_1_217' title='bbox 942 2952 1029 3013; x_wconf 82' lang='lat' dir='ltr'><strong>uliud</strong></span> <span class='ocrx_word' id='word_1_218' title='bbox 1043 2950 1184 3031; x_wconf 77' lang='lat' dir='ltr'><strong>objectiva</strong></span> 
     </span>
     <span class='ocr_line' id='line_1_28' title="bbox 96 3049 1183 3131; baseline 0 -21"><span class='ocrx_word' id='word_1_219' title='bbox 96 3059 141 3122; x_wconf 82' lang='lat' dir='ltr'><strong>cst,</strong></span> <span class='ocrx_word' id='word_1_220' title='bbox 163 3068 258 3131; x_wconf 80' lang='lat' dir='ltr'><strong>quom</strong></span> <span class='ocrx_word' id='word_1_221' title='bbox 282 3050 417 3112; x_wconf 73' lang='lat' dir='ltr'><strong>cetensio</strong></span> <span class='ocrx_word' id='word_1_222' title='bbox 435 3050 601 3129; x_wconf 79' lang='lat' dir='ltr'><strong>possibilia,</strong></span> <span class='ocrx_word' id='word_1_223' title='bbox 622 3068 688 3130; x_wconf 80' lang='lat' dir='ltr'><strong>quo</strong></span> <span class='ocrx_word' id='word_1_224' title='bbox 705 3068 746 3110; x_wconf 75' lang='lat' dir='ltr'><strong>ccc</strong></span> <span class='ocrx_word' id='word_1_225' title='bbox 770 3067 931 3130; x_wconf 81' lang='lat' dir='ltr'><strong>corporum</strong></span> <span class='ocrx_word' id='word_1_226' title='bbox 950 3049 1183 3111; x_wconf 76' lang='lat' dir='ltr'><strong>coeantenttum</strong></span> 
     </span>
     <span class='ocr_line' id='line_1_29' title="bbox 95 3147 1182 3231; baseline 0 -21"><span class='ocrx_word' id='word_1_227' title='bbox 95 3151 163 3211; x_wconf 75' lang='lat' dir='ltr'><strong>taio</strong></span> <span class='ocrx_word' id='word_1_228' title='bbox 181 3151 249 3212; x_wconf 81' lang='lat' dir='ltr'><strong>sinc</strong></span> <span class='ocrx_word' id='word_1_229' title='bbox 266 3151 328 3231; x_wconf 78' lang='lat' dir='ltr'><strong>fine</strong></span> <span class='ocrx_word' id='word_1_230' title='bbox 343 3150 525 3212; x_wconf 80' lang='lat' dir='ltr'><strong>continuato</strong></span> <span class='ocrx_word' id='word_1_231' title='bbox 543 3149 690 3211; x_wconf 81' lang='lat' dir='ltr'><strong>constitui</strong></span> <span class='ocrx_word' id='word_1_232' title='bbox 706 3157 821 3231; x_wconf 85' lang='lat' dir='ltr'><strong>potest:</strong></span> <span class='ocrx_word' id='word_1_233' title='bbox 847 3167 899 3210; x_wconf 82' lang='lat' dir='ltr'><strong>sen</strong></span> <span class='ocrx_word' id='word_1_234' title='bbox 927 3147 1058 3226; x_wconf 78' lang='lat' dir='ltr'><strong>brevius,</strong></span> <span class='ocrx_word' id='word_1_235' title='bbox 1082 3148 1182 3229; x_wconf 83' lang='lat' dir='ltr'><strong>possi-</strong></span> 
     </span>
     <span class='ocr_line' id='line_1_30' title="bbox 95 3245 1095 3330; baseline -0.001 -21"><span class='ocrx_word' id='word_1_236' title='bbox 95 3245 192 3309; x_wconf 75' lang='lat' dir='ltr'><strong>bilitas</strong></span> <span class='ocrx_word' id='word_1_237' title='bbox 205 3248 495 3311; x_wconf 77' lang='lat' dir='ltr'><strong>coetenat’onisrooiis</strong></span> <span class='ocrx_word' id='word_1_238' title='bbox 509 3268 582 3310; x_wconf 81' lang='lat' dir='ltr'><strong>moa</strong></span> <span class='ocrx_word' id='word_1_239' title='bbox 596 3249 768 3330; x_wconf 78' lang='lat' dir='ltr'><strong>euplicutc.</strong></span> <span class='ocrx_word' id='word_1_240' title='bbox 997 3276 1016 3307; x_wconf 74' lang='lat'>0</span> <span class='ocrx_word' id='word_1_241' title='bbox 1094 3282 1095 3285; x_wconf 61' lang='lat'><em>=</em></span> 
     </span>
    </p>

    <p class='ocr_par' dir='ltr' id='par_1_12' title="bbox 95 3343 1186 4117">
     <span class='ocr_line' id='line_1_31' title="bbox 133 3343 1182 3428; baseline -0.001 -21"><span class='ocrx_word' id='word_1_242' title='bbox 133 3345 200 3409; x_wconf 87' lang='lat' dir='ltr'><strong>Hoc</strong></span> <span class='ocrx_word' id='word_1_243' title='bbox 216 3359 253 3410; x_wconf 93' lang='lat' dir='ltr'><strong>ut</strong></span> <span class='ocrx_word' id='word_1_244' title='bbox 269 3347 483 3428; x_wconf 77' lang='lat' dir='ltr'><strong>intelligatur,</strong></span> <span class='ocrx_word' id='word_1_245' title='bbox 503 3347 774 3427; x_wconf 71' lang='lat' dir='ltr'><strong>distinguendum</strong></span> <span class='ocrx_word' id='word_1_246' title='bbox 789 3346 824 3408; x_wconf 90' lang='lat' dir='ltr'><strong>in</strong></span> <span class='ocrx_word' id='word_1_247' title='bbox 844 3345 961 3426; x_wconf 90' lang='lat' dir='ltr'><strong>primis</strong></span> <span class='ocrx_word' id='word_1_248' title='bbox 973 3354 1022 3407; x_wconf 86' lang='lat' dir='ltr'><strong>est</strong></span> <span class='ocrx_word' id='word_1_249' title='bbox 1042 3343 1076 3406; x_wconf 89' lang='lat' dir='ltr'><strong>id</strong></span> <span class='ocrx_word' id='word_1_250' title='bbox 1093 3346 1182 3425; x_wconf 90' lang='lat' dir='ltr'><strong>quod</strong></span> 
     </span>
     <span class='ocr_line' id='line_1_32' title="bbox 97 3445 1183 3529; baseline 0 -22"><span class='ocrx_word' id='word_1_251' title='bbox 97 3454 200 3508; x_wconf 87' lang='lat' dir='ltr'><strong>moute</strong></span> <span class='ocrx_word' id='word_1_252' title='bbox 215 3447 413 3529; x_wconf 86' lang='lat' dir='ltr'><strong>concipitur,</strong></span> <span class='ocrx_word' id='word_1_253' title='bbox 431 3464 533 3527; x_wconf 91' lang='lat' dir='ltr'><strong>quum</strong></span> <span class='ocrx_word' id='word_1_254' title='bbox 549 3446 711 3528; x_wconf 89' lang='lat' dir='ltr'><strong>despatio</strong></span> <span class='ocrx_word' id='word_1_255' title='bbox 726 3447 943 3526; x_wconf 69' lang='lat' dir='ltr'><strong>cogitamusa</strong></span> <span class='ocrx_word' id='word_1_256' title='bbox 959 3445 1183 3525; x_wconf 88' lang='lat' dir='ltr'><strong>phantasmate</strong></span> 
     </span>
     <span class='ocr_line' id='line_1_33' title="bbox 97 3541 1183 3626; baseline -0.001 -20"><span class='ocrx_word' id='word_1_257' title='bbox 97 3545 180 3622; x_wconf 88' lang='lat' dir='ltr'><strong>quod</strong></span> <span class='ocrx_word' id='word_1_258' title='bbox 194 3545 357 3624; x_wconf 85' lang='lat' dir='ltr'><strong>ejusmodi</strong></span> <span class='ocrx_word' id='word_1_259' title='bbox 370 3546 542 3625; x_wconf 89' lang='lat' dir='ltr'><strong>conceptui</strong></span> <span class='ocrx_word' id='word_1_260' title='bbox 558 3546 695 3608; x_wconf 83' lang='lat' dir='ltr'><strong>associat</strong></span> <span class='ocrx_word' id='word_1_261' title='bbox 710 3543 911 3626; x_wconf 75' lang='lat' dir='ltr'><strong>imaginatio.</strong></span> <span class='ocrx_word' id='word_1_262' title='bbox 929 3543 1111 3623; x_wconf 83' lang='lat' dir='ltr'><strong>Conceptus</strong></span> <span class='ocrx_word' id='word_1_263' title='bbox 1126 3541 1183 3605; x_wconf 86' lang='lat' dir='ltr'><strong>ille</strong></span> 
     </span>
     <span class='ocr_line' id='line_1_34' title="bbox 96 3642 1183 3723; baseline -0.002 -20"><span class='ocrx_word' id='word_1_264' title='bbox 96 3648 141 3703; x_wconf 90' lang='lat' dir='ltr'><strong>est</strong></span> <span class='ocrx_word' id='word_1_265' title='bbox 153 3659 256 3723; x_wconf 85' lang='lat' dir='ltr'><strong>quem</strong></span> <span class='ocrx_word' id='word_1_266' title='bbox 267 3642 366 3706; x_wconf 89' lang='lat' dir='ltr'><strong>modo</strong></span> <span class='ocrx_word' id='word_1_267' title='bbox 378 3643 597 3723; x_wconf 82' lang='lat' dir='ltr'><strong>expressimus</strong></span> <span class='ocrx_word' id='word_1_268' title='bbox 614 3659 623 3718; x_wconf 80' lang='lat'><em>3</em></span> <span class='ocrx_word' id='word_1_269' title='bbox 641 3642 833 3723; x_wconf 88' lang='lat' dir='ltr'><strong>phantasma</strong></span> <span class='ocrx_word' id='word_1_270' title='bbox 848 3656 924 3704; x_wconf 84' lang='lat' dir='ltr'><strong>vero</strong></span> <span class='ocrx_word' id='word_1_271' title='bbox 940 3648 988 3702; x_wconf 87' lang='lat' dir='ltr'><strong>est</strong></span> <span class='ocrx_word' id='word_1_272' title='bbox 1002 3656 1183 3720; x_wconf 75' lang='lat' dir='ltr'><strong>represen-</strong></span> 
     </span>
     <span class='ocr_line' id='line_1_35' title="bbox 95 3739 1181 3821; baseline -0.002 -19"><span class='ocrx_word' id='word_1_273' title='bbox 95 3741 171 3804; x_wconf 91' lang='lat' dir='ltr'><strong>tatio</strong></span> <span class='ocrx_word' id='word_1_274' title='bbox 182 3740 383 3804; x_wconf 86' lang='lat' dir='ltr'><strong>extensionis</strong></span> <span class='ocrx_word' id='word_1_275' title='bbox 394 3740 530 3803; x_wconf 90' lang='lat' dir='ltr'><strong>actuatis</strong></span> <span class='ocrx_word' id='word_1_276' title='bbox 545 3741 804 3821; x_wconf 84' lang='lat' dir='ltr'><strong>circumquaque</strong></span> <span class='ocrx_word' id='word_1_277' title='bbox 815 3739 954 3813; x_wconf 57' lang='lat' dir='ltr'><strong>diffusae</strong></span> <span class='ocrx_word' id='word_1_278' title='bbox 968 3739 1181 3815; x_wconf 75' lang='lat' dir='ltr'><strong>tenuissimae,</strong></span> 
     </span>
     <span class='ocr_line' id='line_1_36' title="bbox 95 3837 1185 3919; baseline 0 -20"><span class='ocrx_word' id='word_1_279' title='bbox 95 3838 249 3916; x_wconf 82' lang='lat' dir='ltr'><strong>immotae,</strong></span> <span class='ocrx_word' id='word_1_280' title='bbox 272 3839 430 3912; x_wconf 79' lang='lat' dir='ltr'><strong>obscura,</strong></span> <span class='ocrx_word' id='word_1_281' title='bbox 452 3840 534 3919; x_wconf 90' lang='lat' dir='ltr'><strong>quin</strong></span> <span class='ocrx_word' id='word_1_282' title='bbox 561 3839 619 3901; x_wconf 91' lang='lat' dir='ltr'><strong>uili</strong></span> <span class='ocrx_word' id='word_1_283' title='bbox 638 3839 770 3901; x_wconf 88' lang='lat' dir='ltr'><strong>termini</strong></span> <span class='ocrx_word' id='word_1_284' title='bbox 788 3840 823 3900; x_wconf 90' lang='lat' dir='ltr'><strong>in</strong></span> <span class='ocrx_word' id='word_1_285' title='bbox 841 3857 878 3902; x_wconf 86' lang='lat' dir='ltr'><strong>aa</strong></span> <span class='ocrx_word' id='word_1_286' title='bbox 897 3837 1056 3917; x_wconf 76' lang='lat' dir='ltr'><strong>designati</strong></span> <span class='ocrx_word' id='word_1_287' title='bbox 1087 3854 1185 3918; x_wconf 86' lang='lat' dir='ltr'><strong>appa·</strong></span> 
     </span>
     <span class='ocr_line' id='line_1_37' title="bbox 96 3935 1186 4017; baseline -0.001 -20"><span class='ocrx_word' id='word_1_288' title='bbox 96 3945 195 4000; x_wconf 88' lang='lat' dir='ltr'><strong>reant.</strong></span> <span class='ocrx_word' id='word_1_289' title='bbox 227 3937 422 3999; x_wconf 89' lang='lat' dir='ltr'><strong>Phantasma</strong></span> <span class='ocrx_word' id='word_1_290' title='bbox 441 3954 541 4017; x_wconf 85' lang='lat' dir='ltr'><strong>porro</strong></span> <span class='ocrx_word' id='word_1_291' title='bbox 571 3935 759 4016; x_wconf 84' lang='lat' dir='ltr'><strong>hujusmodi</strong></span> <span class='ocrx_word' id='word_1_292' title='bbox 789 3935 980 4015; x_wconf 75' lang='lat' dir='ltr'><strong>imaginatio</strong></span> <span class='ocrx_word' id='word_1_293' title='bbox 1008 3935 1117 4012; x_wconf 88' lang='lat' dir='ltr'><strong>haurit</strong></span> <span class='ocrx_word' id='word_1_294' title='bbox 1146 3951 1186 3997; x_wconf 85' lang='lat' dir='ltr'><strong>ex</strong></span> 
     </span>
     <span class='ocr_line' id='line_1_38' title="bbox 96 4033 1186 4117; baseline -0.001 -22"><span class='ocrx_word' id='word_1_295' title='bbox 96 4051 193 4099; x_wconf 82' lang='lat' dir='ltr'><strong>vacuo</strong></span> <span class='ocrx_word' id='word_1_296' title='bbox 209 4036 377 4099; x_wconf 86' lang='lat' dir='ltr'><strong>mundano</strong></span> <span class='ocrx_word' id='word_1_297' title='bbox 392 4035 573 4117; x_wconf 88' lang='lat' dir='ltr'><strong>apparenti,</strong></span> <span class='ocrx_word' id='word_1_298' title='bbox 589 4036 623 4097; x_wconf 89' lang='lat' dir='ltr'><strong>in</strong></span> <span class='ocrx_word' id='word_1_299' title='bbox 639 4052 706 4116; x_wconf 87' lang='lat' dir='ltr'><strong>quo</strong></span> <span class='ocrx_word' id='word_1_300' title='bbox 719 4051 857 4116; x_wconf 87' lang='lat' dir='ltr'><strong>corpora</strong></span> <span class='ocrx_word' id='word_1_301' title='bbox 877 4033 976 4099; x_wconf 90' lang='lat' dir='ltr'><strong>iocari</strong></span> <span class='ocrx_word' id='word_1_302' title='bbox 994 4051 1090 4114; x_wconf 89' lang='lat' dir='ltr'><strong>posse</strong></span> <span class='ocrx_word' id='word_1_303' title='bbox 1106 4049 1186 4097; x_wconf 89' lang='lat' dir='ltr'><strong>con·</strong></span> 
     </span>
    </p>
   </div>
   <div class='ocr_carea' id='block_1_8' title="bbox 0 0 1400 4600">
    <p class='ocr_par' dir='ltr' id='par_1_13' title="bbox 0 0 1400 4600">
     <span class='ocr_line' id='line_1_39' title="bbox 0 0 1400 4600; baseline 0 0"><span class='ocrx_word' id='word_1_304' title='bbox 0 0 1400 4600; x_wconf 95' lang='lat' dir='ltr'><strong> </strong></span> 
     </span>
    </p>
   </div>
  </div>
 </body>
</html>
