2792 4600
464 405 550 450 nean
572 405 734 464 sneunous,
757 407 849 454 urus
871 409 904 455 11.
1163 390 1224 455 stt

132 512 254 579 relatio
268 517 378 590 realis,
407 537 480 601 quae
497 520 686 584 continetur
715 523 913 604 dependentia
932 545 992 588 esse
1013 526 1147 590 erectio
1170 543 1225 589 ruo

132 612 294 695 principio
308 636 377 680 cum
391 620 526 683 nouitate
540 623 669 684 essendi.
1100 694 1103 700 ,

181 712 213 773 ll·
233 712 279 777 le
300 717 476 780 creationis
501 718 643 801 denique
660 721 798 786 notione
813 720 909 786 facile
925 723 1104 803 colligitur,
1120 721 1224 786 creari

136 808 395 877 substantiarum
417 817 589 896 proprium
617 836 701 882 esse.
726 818 818 891 Quod
837 820 926 884 enim
942 832 1071 884 creatur
1086 822 1122 884 tit
1137 831 1226 884 extra

135 908 322 990 subjectum
333 916 499 996 ;ede0que
507 916 616 978 exient
628 917 700 980 sine
712 917 931 999 dependentia
942 937 960 982 a
972 920 1130 1001 subjecto.
1139 919 1226 982 'lelis

135 1016 247 1072 autern
264 1013 423 1076 existendi
440 1016 558 1078 modus
571 1016 830 1081 substantiarum
843 1028 891 1081 est
908 1019 1061 1100 proprius
1077 1020 1126 1099 (0.
1142 1019 1223 1093 lot).

571 1166 735 1213 surrectus
751 1170 785 1214 ιι.

545 1280 587 1342 lle
602 1281 713 1344 mandi
726 1282 829 1348 initio.

181 1406 458 1473 assuefecerat
487 1411 586 1476 modo
613 1421 690 1476 sunt
716 1413 740 1475 ii
767 1414 905 1494 gentiles
935 1411 1139 1494 philosophi,
1167 1408 1225 1492 qui

137 1504 302 1569 mundum
317 1525 335 1568 a
351 1510 416 1571 lieo
428 1508 563 1588 quidem
579 1510 739 1590 genitum,
757 1512 813 1574 sed
826 1521 983 1575 aeternurn
995 1530 1065 1573 esse
1077 1507 1225 1572 arbitrati

137 1613 228 1669 sunt.
256 1606 448 1685 Huiusmodi
472 1608 566 1669 luere
588 1607 781 1672 Aristoteles
804 1611 837 1671 in
854 1611 983 1690 primis,
1001 1627 1076 1672 curn
1092 1609 1225 1672 vetustis

137 1705 374 1786 peripateticis,
403 1715 435 1766 et
461 1705 619 1786 platonici
650 1707 798 1787 quidam,
826 1723 968 1789 quorum
996 1709 1149 1788 princeps
1178 1713 1226 1768 est

38 1861 45 1872 .
137 1805 288 1870 Proelus·
309 1804 380 1868 Dixi
398 1804 580 1885 platonicos
597 1805 777 1885 quosdam
800 1823 875 1867 nam
894 1806 934 1868 ad
950 1801 1118 1869 Platonem
1135 1803 1226 1886 quod

137 1911 274 1986 spectat,
292 1902 428 1983 quidam
444 1914 578 1964 censent
593 1921 668 1964 enm
685 1902 837 1967 docuisse
852 1904 1014 1966 mnndum
1029 1904 1064 1965 in
1080 1913 1227 1983 tempore

136 2004 310 2068 conditnur
328 2005 377 2080 (t).
394 2003 442 2067 Ad
459 2001 648 2065 defensores
662 2003 853 2065 eternitatis
865 2003 980 2068 mnndi
996 2004 1137 2083 pertinet
1149 2021 1228 2086 quo·

138 2122 206 2185 que
219 2102 387 2176 inermes,
403 2102 569 2183 simulque
585 2101 735 2170 letalistae
745 2120 872 2181 omnes,
885 2120 922 2165 ac
933 2103 1132 2165 recentiores
1144 2104 1228 2167 eele-

136 2204 229 2280 ctioi,
243 2203 300 2284 qui
316 2202 476 2265 mundum
491 2220 509 2263 a
525 2202 591 2264 ileo
607 2202 791 2264 necessario
807 2189 969 2283 prodiisse
984 2201 1141 2266 sentiunt.
1320 2193 1323 2202 '

181 2304 255 2368 265.
279 2302 460 2368 Puerosrno
481 2302 536 2366 lll.
560 2301 724 2380 Mottiteste
747 2309 892 2363 morunt
915 2302 1086 2382 pannoque
1105 2302 1227 2382 opinati

135 2412 225 2478 runt,
246 2403 408 2477 mnndum,
435 2418 488 2464 teu
503 2400 613 2464 mendi
627 2401 788 2461 materiam
807 2399 976 2463 necessario
989 2417 1048 2461 etse
1072 2401 1227 2481 senpiter-

137 2521 215 2568 ttont
230 2503 254 2565 i.
271 2521 297 2565 e.
313 2500 379 2563 eine
392 2499 559 2561 eunomia
573 2498 678 2562 initio.

181 2598 312 2664 Etenim
325 2615 400 2660 cunr
416 2596 558 2658 mundus
574 2583 642 2659 non
656 2595 699 2657 sit
714 2612 731 2656 a
746 2613 793 2669 se,
816 2594 872 2656 sed
888 2613 906 2656 a
921 2593 1000 2670 Deo,
1018 2598 1226 2676 sempiternae

138 2698 319 2765 existentioe
331 2695 505 2758 necessitas
518 2691 547 2755 ei
560 2690 736 2757 convenire
748 2710 814 2755 non
828 2701 933 2772 potest
945 2693 1009 2754 nisi
1022 2712 1059 2755 ex
1072 2711 1123 2769 eo,
1136 2687 1227 2776 quod

137 2799 226 2862 Deus
249 2795 409 2857 mundum
432 2790 575 2854 condere
597 2809 665 2854 non
690 2797 824 2870 poterat,
843 2790 907 2853 nisi
923 2791 1173 2871 sempiternum.
1190 2794 1225 2858 Si

138 2906 249 2961 autem
264 2894 304 2956 ad
322 2894 385 2955 hoc
400 2893 488 2957 Deus,
499 2889 750 2971 astringebatur,
765 2889 911 2968 proiecto
922 2890 1163 2971 astringebatur
1176 2886 1225 2954 vel

135 2996 267 3059 ratione
278 2992 383 3073 ipsius
396 2989 524 3064 mundi,
537 2987 586 3050 vel
601 3008 640 3051 ex
653 2989 788 3069 propria
801 2996 926 3050 natura.
938 2987 1036 3070 Atqui
1050 2998 1226 3072 utrumque

137 3089 308 3158 evidenter
322 3088 501 3152 absurdum
517 3096 576 3151 est.

180 3191 254 3254 too.
278 3187 466 3252 Absurdum
487 3187 608 3267 pricio,
636 3186 738 3248 Deum
762 3185 895 3264 astringi
913 3184 953 3246 ad
969 3186 1131 3252 mundum
1147 3206 1225 3251 con·

138 3289 287 3356 (lendum
302 3298 472 3362 aeternnm,
490 3305 527 3348 ex
545 3285 650 3369 ipsius
666 3283 782 3346 mundi
800 3293 926 3349 natura.

180 3387 263 3452 Nam
280 3385 312 3447 1⁰
329 3384 470 3447 mundus
485 3393 534 3445 est
544 3383 752 3462 contingens,
766 3391 801 3444 ut
817 3390 902 3462 patet
913 3400 951 3444 ex
965 3382 1028 3446 hoc
1040 3382 1124 3464 ipso,
1137 3386 1226 3466 qnod

138 3508 160 3553 a
174 3489 240 3552 neo
255 3493 314 3546 est.
332 3481 424 3554 Quod
438 3482 526 3543 enirn
542 3480 582 3541 ab
598 3478 664 3541 alio
679 3487 740 3556 est,
758 3497 824 3542 non
841 3488 894 3544 est
909 3497 927 3541 a
942 3498 995 3557 se;
1010 3482 1148 3561 proinde
1160 3501 1226 3547 non

139 3564 240 3649 habet
261 3580 466 3644 existentiam
491 3577 553 3638 sibi
581 3575 807 3652 essentialem
829 3594 889 3638 nec
904 3578 1086 3641 necessario
1101 3582 1226 3659 existit,

138 3702 178 3749 ac
198 3686 370 3763 propterea
389 3675 548 3759 possibile
571 3686 619 3736 est
644 3675 752 3754 ipsum
769 3691 835 3736 non
852 3674 999 3750 existere,
1017 3677 1106 3756 quod
1122 3689 1226 3744 aulem

140 3777 300 3865 possibile
315 3784 362 3839 est
378 3792 443 3838 non
467 3773 615 3848 existere,
633 3771 828 3852 contingens
844 3772 978 3836 dicitur.

180 3877 322 3940 Mundus
344 3874 453 3953 itaque
467 3881 515 3933 est
535 3870 741 3951 contingens.
765 3870 828 3933 Sed
845 3871 934 3950 quod
957 3877 1005 3932 est
1020 3872 1225 3953 contingens,

138 3994 208 4042 non
224 3976 323 4039 modo
336 3992 375 4036 ex
390 3990 424 4034 se
438 3971 643 4033 existentiam
659 3986 727 4031 non
741 3968 883 4050 requirit
898 3980 1065 4046 aeternam,
1082 3973 1139 4033 sed
1156 3976 1228 4037 nul·

169 4109 202 4164 (l)
217 4105 253 4154 Gl.
265 4103 398 4152 Penatium.
418 4103 451 4147 lle
463 4113 542 4147 rerum
557 4099 691 4159 principiis.
703 4099 757 4147 Lib·
769 4099 821 4146 xv.
836 4111 857 4145 c.
870 4099 897 4146 l.
